<record type="Bibliographic" xmlns="http://www.loc.gov/MARC21/slim">
<leader>00000nam a2200000uc 4500</leader>
<controlfield tag="001">1389922022</controlfield>
<controlfield tag="003">DE-101</controlfield>
<controlfield tag="005">20260501074114.0</controlfield>
<controlfield tag="007">cr||||||||||||</controlfield>
<controlfield tag="008">260212s2026    gw |||||o|||| 00||||ger  </controlfield>
<datafield ind1=" " ind2=" " tag="015">
<subfield code="a">26,O03</subfield>
<subfield code="2">dnb</subfield>
</datafield>
<datafield ind1="7" ind2=" " tag="016">
<subfield code="2">DE-101</subfield>
<subfield code="a">1389922022</subfield>
</datafield>
<datafield ind1="7" ind2=" " tag="024">
<subfield code="a">10.25656/01:34501</subfield>
<subfield code="2">doi</subfield>
</datafield>
<datafield ind1="7" ind2=" " tag="024">
<subfield code="2">urn</subfield>
<subfield code="a">urn:nbn:de:0111-pedocs-345010</subfield>
</datafield>
<datafield ind1=" " ind2=" " tag="035">
<subfield code="a">(DE-599)DNB1389922022</subfield>
</datafield>
<datafield ind1=" " ind2=" " tag="035">
<subfield code="a">(OCoLC)1576200895</subfield>
</datafield>
<datafield ind1=" " ind2=" " tag="040">
<subfield code="a">1140</subfield>
<subfield code="b">ger</subfield>
<subfield code="c">DE-101</subfield>
<subfield code="d">9999</subfield>
</datafield>
<datafield ind1=" " ind2=" " tag="041">
<subfield code="8">1\p</subfield>
<subfield code="a">ger</subfield>
</datafield>
<datafield ind1=" " ind2=" " tag="044">
<subfield code="c">XA-DE-HE</subfield>
</datafield>
<datafield ind1="0" ind2="4" tag="082">
<subfield code="8">12\u</subfield>
<subfield code="8">13\p</subfield>
<subfield code="a">371.32</subfield>
<subfield code="q">DE-101</subfield>
<subfield code="2">23/ger</subfield>
</datafield>
<datafield ind1="7" ind2=" " tag="083">
<subfield code="8">14\p</subfield>
<subfield code="a">370</subfield>
<subfield code="q">DE-101</subfield>
<subfield code="2">23sdnb</subfield>
</datafield>
<datafield ind1=" " ind2=" " tag="085">
<subfield code="8">12\u</subfield>
<subfield code="b">371.32</subfield>
</datafield>
<datafield ind1="0" ind2="0" tag="245">
<subfield code="a">Comics in Bildungskontexten. Entwicklungen, Diskurse, Praxis</subfield>
</datafield>
<datafield ind1=" " ind2="1" tag="264">
<subfield code="a">Frankfurt</subfield>
<subfield code="b">DIPF Leibniz Institut für Bildungsforschung und Bildungsinformation</subfield>
<subfield code="c">2026</subfield>
</datafield>
<datafield ind1=" " ind2=" " tag="300">
<subfield code="a">Online-Ressource</subfield>
</datafield>
<datafield ind1=" " ind2=" " tag="336">
<subfield code="a">Text</subfield>
<subfield code="b">txt</subfield>
<subfield code="2">rdacontent</subfield>
</datafield>
<datafield ind1=" " ind2=" " tag="337">
<subfield code="a">Computermedien</subfield>
<subfield code="b">c</subfield>
<subfield code="2">rdamedia</subfield>
</datafield>
<datafield ind1=" " ind2=" " tag="338">
<subfield code="a">Online-Ressource</subfield>
<subfield code="b">cr</subfield>
<subfield code="2">rdacarrier</subfield>
</datafield>
<datafield ind1="0" ind2=" " tag="490">
<subfield code="a">Beiträge zur historischen und systematischen Schulbuch- und Bildungsmedienforschung</subfield>
</datafield>
<datafield ind1=" " ind2=" " tag="500">
<subfield code="a">Bad Heilbrunn : Verlag Julius Klinkhardt 2026, 148 S. - (Beiträge zur historischen und systematischen Schulbuch- und Bildungsmedienforschung). ISBN 978-3-7815-6208-0; 978-3-7815-2746-1</subfield>
</datafield>
<datafield ind1="0" ind2=" " tag="506">
<subfield code="a">Open Access</subfield>
<subfield code="f">Unrestricted online access</subfield>
<subfield code="u">http://purl.org/coar/access_right/c_abf2</subfield>
<subfield code="2">star</subfield>
</datafield>
<datafield ind1=" " ind2=" " tag="520">
<subfield code="a">Abstract: Der Band gibt neue Einblicke in die historische und aktuelle Rolle von Comics in Bildungskontexten, insbesondere in die vielschichtigen Ansätze, die in Forschung, (Hochschul-)Lehre und künstlerischer Praxis verfolgt werden. Besondere Aufmerksamkeit gilt den Entwicklungen von der Vorgeschichte bis zum 21. Jahrhundert, den damit verbundenen (pädagogischen) Diskursen sowie verschiedenen Ebenen der Praxis einschließlich des Erstellens eigener Comics und deren Einsatz in unterschiedlichen Bildungssettings. Die Beiträge beleuchten das Bildungsmedium Comic aus unterschiedlichen fachlichen Perspektiven und können somit als Auftakt für eine bildungshistorische und erziehungswissenschaftliche Auseinandersetzung dienen, die über die konkrete (fach-)didaktische Anwendung des Mediums hinausgeht und Impulse für weiterführende Forschungen liefert. (DIPF/Orig.)</subfield>
</datafield>
<datafield ind1=" " ind2=" " tag="540">
<subfield code="a">Creative Commons Namensnennung - Keine Bearbeitungen 4.0 International</subfield>
<subfield code="f">CC BY ND 4.0 International</subfield>
<subfield code="u">http://creativecommons.org/licenses/by-nd/4.0/deed.de</subfield>
<subfield code="2">cc</subfield>
</datafield>
<datafield ind1="1" ind2=" " tag="583">
<subfield code="a">Archivierung/Langzeitarchivierung gewährleistet</subfield>
<subfield code="5">DE-101</subfield>
<subfield code="2">pdager</subfield>
</datafield>
<datafield ind1=" " ind2="7" tag="650">
<subfield code="8">5\p</subfield>
<subfield code="0">(DE-588)4010427-8</subfield>
<subfield code="0">https://d-nb.info/gnd/4010427-8</subfield>
<subfield code="0">(DE-101)040104273</subfield>
<subfield code="a">Comic</subfield>
<subfield code="9">rswk-swf</subfield>
<subfield code="2">gnd</subfield>
</datafield>
<datafield ind1=" " ind2="7" tag="650">
<subfield code="8">7\p</subfield>
<subfield code="0">(DE-588)4074111-4</subfield>
<subfield code="0">https://d-nb.info/gnd/4074111-4</subfield>
<subfield code="0">(DE-101)040741117</subfield>
<subfield code="a">Lehr- und Lernressource</subfield>
<subfield code="9">rswk-swf</subfield>
<subfield code="2">gnd</subfield>
</datafield>
<datafield ind1=" " ind2="7" tag="650">
<subfield code="8">9\p</subfield>
<subfield code="0">(DE-588)4180102-7</subfield>
<subfield code="0">https://d-nb.info/gnd/4180102-7</subfield>
<subfield code="0">(DE-101)041801024</subfield>
<subfield code="a">Schulbuchforschung</subfield>
<subfield code="9">rswk-swf</subfield>
<subfield code="2">gnd</subfield>
</datafield>
<datafield ind1=" " ind2="7" tag="650">
<subfield code="8">11\p</subfield>
<subfield code="0">(DE-588)4010427-8</subfield>
<subfield code="0">https://d-nb.info/gnd/4010427-8</subfield>
<subfield code="0">(DE-101)040104273</subfield>
<subfield code="a">Comic</subfield>
<subfield code="2">gnd</subfield>
</datafield>
<datafield ind1=" " ind2=" " tag="653">
<subfield code="a">Comic</subfield>
<subfield code="a">Bildungsgeschichte</subfield>
<subfield code="a">Schulbuch</subfield>
<subfield code="a">Lehrmittel</subfield>
<subfield code="a">Bildungsmittel</subfield>
<subfield code="a">Geschichte &lt;Histor&gt;</subfield>
<subfield code="a">Didaktik</subfield>
<subfield code="a">Multimedia</subfield>
<subfield code="a">Historisches Lernen</subfield>
<subfield code="a">Hanse</subfield>
<subfield code="a">Historische Bildungsforschung</subfield>
<subfield code="a">Anschauung</subfield>
<subfield code="a">Sprachunterricht</subfield>
<subfield code="a">Bild-Text-Collage</subfield>
<subfield code="a">Bildungsreform</subfield>
<subfield code="a">Jugendschriftenbewegung</subfield>
<subfield code="a">Transformation</subfield>
<subfield code="a">Antiautoritäre Erziehung</subfield>
<subfield code="a">Kinderliteratur</subfield>
<subfield code="a">Jugendliteratur</subfield>
<subfield code="a">Informelle Bildung</subfield>
<subfield code="a">Entwicklungspädagogik</subfield>
<subfield code="a">Unterrichtsmedien</subfield>
<subfield code="a">Friedensbewegung</subfield>
<subfield code="a">Politische Bildung</subfield>
<subfield code="a">Kompetenzorientierter Unterricht</subfield>
<subfield code="a">Hochschullehre</subfield>
<subfield code="a">Diskriminierung</subfield>
<subfield code="a">20. Jahrhundert</subfield>
<subfield code="a">21. Jahrhundert</subfield>
<subfield code="a">History of education</subfield>
<subfield code="a">History of educational activities</subfield>
<subfield code="a">Text book</subfield>
<subfield code="a">Textbook</subfield>
<subfield code="a">Educational Materials</subfield>
<subfield code="a">Teaching aids</subfield>
<subfield code="a">Training aid</subfield>
<subfield code="a">Educational Media</subfield>
<subfield code="a">History</subfield>
<subfield code="a">Training method</subfield>
<subfield code="a">Visual instruction</subfield>
<subfield code="a">Language lessons</subfield>
<subfield code="a">Language teaching</subfield>
<subfield code="a">Educational reform</subfield>
<subfield code="a">Anti-authoritarian education</subfield>
<subfield code="a">Antiauthoritarian education</subfield>
<subfield code="a">Children's literature</subfield>
<subfield code="a">Youth literature</subfield>
<subfield code="a">Informal education</subfield>
<subfield code="a">Developmental pedagogics</subfield>
<subfield code="a">Pedagogy of development</subfield>
<subfield code="a">Educational technology</subfield>
<subfield code="a">Media teaching aids</subfield>
<subfield code="a">Peace movement</subfield>
<subfield code="a">Citizenship education</subfield>
<subfield code="a">Civic education</subfield>
<subfield code="a">Political education</subfield>
<subfield code="a">Higher education lecturing</subfield>
<subfield code="a">University lecturing</subfield>
<subfield code="a">University teaching</subfield>
<subfield code="a">Discrimination</subfield>
</datafield>
<datafield ind1=" " ind2="7" tag="655">
<subfield code="8">2\p</subfield>
<subfield code="0">(DE-588)4143413-4</subfield>
<subfield code="0">https://d-nb.info/gnd/4143413-4</subfield>
<subfield code="0">(DE-101)041434137</subfield>
<subfield code="a">Aufsatzsammlung</subfield>
<subfield code="2">gnd-content</subfield>
</datafield>
<datafield ind1="0" ind2="0" tag="689">
<subfield code="8">6\p</subfield>
<subfield code="0">(DE-588)4010427-8</subfield>
<subfield code="0">https://d-nb.info/gnd/4010427-8</subfield>
<subfield code="0">(DE-101)040104273</subfield>
<subfield code="D">s</subfield>
<subfield code="a">Comic</subfield>
</datafield>
<datafield ind1="0" ind2="1" tag="689">
<subfield code="8">8\p</subfield>
<subfield code="0">(DE-588)4074111-4</subfield>
<subfield code="0">https://d-nb.info/gnd/4074111-4</subfield>
<subfield code="0">(DE-101)040741117</subfield>
<subfield code="D">s</subfield>
<subfield code="a">Lehr- und Lernressource</subfield>
</datafield>
<datafield ind1="0" ind2="2" tag="689">
<subfield code="8">10\p</subfield>
<subfield code="0">(DE-588)4180102-7</subfield>
<subfield code="0">https://d-nb.info/gnd/4180102-7</subfield>
<subfield code="0">(DE-101)041801024</subfield>
<subfield code="D">s</subfield>
<subfield code="a">Schulbuchforschung</subfield>
</datafield>
<datafield ind1="0" ind2=" " tag="689">
<subfield code="5">DE-101</subfield>
<subfield code="5">DE-101</subfield>
</datafield>
<datafield ind1="1" ind2=" " tag="700">
<subfield code="8">3\p</subfield>
<subfield code="0">(DE-588)1030128111</subfield>
<subfield code="0">https://d-nb.info/gnd/1030128111</subfield>
<subfield code="0">(DE-101)1030128111</subfield>
<subfield code="0">(orcid)0000-0002-2870-8102</subfield>
<subfield code="a">Kesper-Biermann, Sylvia</subfield>
<subfield code="d">1967-</subfield>
<subfield code="e">Herausgeber</subfield>
<subfield code="4">edt</subfield>
<subfield code="2">gnd</subfield>
</datafield>
<datafield ind1="1" ind2=" " tag="700">
<subfield code="8">4\p</subfield>
<subfield code="0">(DE-588)1327245701</subfield>
<subfield code="0">https://d-nb.info/gnd/1327245701</subfield>
<subfield code="0">(DE-101)1327245701</subfield>
<subfield code="0">(orcid)0000-0001-9619-2833</subfield>
<subfield code="a">Strunk, Anna</subfield>
<subfield code="d">1994-</subfield>
<subfield code="e">Herausgeber</subfield>
<subfield code="4">edt</subfield>
<subfield code="2">gnd</subfield>
</datafield>
<datafield ind1=" " ind2=" " tag="850">
<subfield code="a">DE-101a</subfield>
</datafield>
<datafield ind1="4" ind2="0" tag="856">
<subfield code="u">https://doi.org/10.25656/01:34501</subfield>
<subfield code="x">Resolving-System</subfield>
</datafield>
<datafield ind1="4" ind2="0" tag="856">
<subfield code="u">https://nbn-resolving.org/urn:nbn:de:0111-pedocs-345010</subfield>
<subfield code="x">Resolving-System</subfield>
</datafield>
<datafield ind1=" " ind2="0" tag="856">
<subfield code="u">https://d-nb.info/1389922022/34</subfield>
<subfield code="x">Langzeitarchivierung Nationalbibliothek</subfield>
</datafield>
<datafield ind1="4" ind2=" " tag="856">
<subfield code="q">text/html</subfield>
<subfield code="u">https://www.pedocs.de/frontdoor.php?source_opus=34501</subfield>
<subfield code="z">kostenfrei</subfield>
</datafield>
<datafield ind1="4" ind2=" " tag="856">
<subfield code="q">application/pdf</subfield>
<subfield code="s">8658.48 kB</subfield>
<subfield code="u">https://www.pedocs.de/volltexte/2025/34501/pdf/Kesper-Biermann_Strunk_2026_Comics_in_Bildungskontexten.pdf</subfield>
<subfield code="z">kostenfrei</subfield>
<subfield code="3">Volltext</subfield>
</datafield>
<datafield ind1="1" ind2=" " tag="883">
<subfield code="8">1\p</subfield>
<subfield code="a">npi</subfield>
<subfield code="d">20260212</subfield>
<subfield code="q">DE-101</subfield>
<subfield code="u">https://d-nb.info/provenance/plan#npi</subfield>
</datafield>
<datafield ind1=" " ind2=" " tag="883">
<subfield code="8">2\p</subfield>
<subfield code="a">dnb-cgwrk</subfield>
<subfield code="d">20260501</subfield>
<subfield code="q">DE-101</subfield>
<subfield code="u">https://d-nb.info/provenance/plan#dnb-cgwrk</subfield>
</datafield>
<datafield ind1="1" ind2=" " tag="883">
<subfield code="8">3\p</subfield>
<subfield code="a">npi</subfield>
<subfield code="d">20260212</subfield>
<subfield code="q">DE-101</subfield>
<subfield code="u">https://d-nb.info/provenance/plan#npi</subfield>
</datafield>
<datafield ind1="1" ind2=" " tag="883">
<subfield code="8">4\p</subfield>
<subfield code="a">npi</subfield>
<subfield code="d">20260212</subfield>
<subfield code="q">DE-101</subfield>
<subfield code="u">https://d-nb.info/provenance/plan#npi</subfield>
</datafield>
<datafield ind1=" " ind2=" " tag="883">
<subfield code="8">5\p</subfield>
<subfield code="a">dnb-cgwrk</subfield>
<subfield code="d">20260501</subfield>
<subfield code="q">DE-101</subfield>
<subfield code="u">https://d-nb.info/provenance/plan#dnb-cgwrk</subfield>
</datafield>
<datafield ind1=" " ind2=" " tag="883">
<subfield code="8">6\p</subfield>
<subfield code="a">dnb-cgwrk</subfield>
<subfield code="d">20260501</subfield>
<subfield code="q">DE-101</subfield>
<subfield code="u">https://d-nb.info/provenance/plan#dnb-cgwrk</subfield>
</datafield>
<datafield ind1=" " ind2=" " tag="883">
<subfield code="8">7\p</subfield>
<subfield code="a">dnb-cgwrk</subfield>
<subfield code="d">20260501</subfield>
<subfield code="q">DE-101</subfield>
<subfield code="u">https://d-nb.info/provenance/plan#dnb-cgwrk</subfield>
</datafield>
<datafield ind1=" " ind2=" " tag="883">
<subfield code="8">8\p</subfield>
<subfield code="a">dnb-cgwrk</subfield>
<subfield code="d">20260501</subfield>
<subfield code="q">DE-101</subfield>
<subfield code="u">https://d-nb.info/provenance/plan#dnb-cgwrk</subfield>
</datafield>
<datafield ind1=" " ind2=" " tag="883">
<subfield code="8">9\p</subfield>
<subfield code="a">dnb-cgwrk</subfield>
<subfield code="d">20260501</subfield>
<subfield code="q">DE-101</subfield>
<subfield code="u">https://d-nb.info/provenance/plan#dnb-cgwrk</subfield>
</datafield>
<datafield ind1=" " ind2=" " tag="883">
<subfield code="8">10\p</subfield>
<subfield code="a">dnb-cgwrk</subfield>
<subfield code="d">20260501</subfield>
<subfield code="q">DE-101</subfield>
<subfield code="u">https://d-nb.info/provenance/plan#dnb-cgwrk</subfield>
</datafield>
<datafield ind1="0" ind2=" " tag="883">
<subfield code="8">11\p</subfield>
<subfield code="a">emagnd</subfield>
<subfield code="c">0,84013</subfield>
<subfield code="d">20260213</subfield>
<subfield code="q">DE-101</subfield>
<subfield code="u">https://d-nb.info/provenance/plan#emagnd</subfield>
</datafield>
<datafield ind1=" " ind2=" " tag="883">
<subfield code="8">13\p</subfield>
<subfield code="a">dnb-cgwrk</subfield>
<subfield code="d">20260501</subfield>
<subfield code="q">DE-101</subfield>
<subfield code="u">https://d-nb.info/provenance/plan#dnb-cgwrk</subfield>
</datafield>
<datafield ind1=" " ind2=" " tag="883">
<subfield code="8">14\p</subfield>
<subfield code="a">dnb-cgwrk</subfield>
<subfield code="d">20260501</subfield>
<subfield code="q">DE-101</subfield>
<subfield code="u">https://d-nb.info/provenance/plan#dnb-cgwrk</subfield>
</datafield>
<datafield ind1="r" ind2=" " tag="925">
<subfield code="a">ro</subfield>
<subfield code="a">rb</subfield>
</datafield>
<datafield ind1=" " ind2=" " tag="927">
<subfield code="a">30769201</subfield>
</datafield>
</record>