<record type="Bibliographic" xmlns="http://www.loc.gov/MARC21/slim">
<leader>00000nam a2200000uc 4500</leader>
<controlfield tag="001">1389924378</controlfield>
<controlfield tag="003">DE-101</controlfield>
<controlfield tag="005">20260304225531.0</controlfield>
<controlfield tag="007">cr||||||||||||</controlfield>
<controlfield tag="008">260212s2026    gw |||||o|||| 00||||ger  </controlfield>
<datafield ind1=" " ind2=" " tag="015">
<subfield code="a">26,O03</subfield>
<subfield code="2">dnb</subfield>
</datafield>
<datafield ind1="7" ind2=" " tag="016">
<subfield code="2">DE-101</subfield>
<subfield code="a">1389924378</subfield>
</datafield>
<datafield ind1="7" ind2=" " tag="024">
<subfield code="a">10.25656/01:34647</subfield>
<subfield code="2">doi</subfield>
</datafield>
<datafield ind1="7" ind2=" " tag="024">
<subfield code="2">urn</subfield>
<subfield code="a">urn:nbn:de:0111-pedocs-346471</subfield>
</datafield>
<datafield ind1=" " ind2=" " tag="035">
<subfield code="a">(DE-599)DNB1389924378</subfield>
</datafield>
<datafield ind1=" " ind2=" " tag="035">
<subfield code="a">(OCoLC)1576210781</subfield>
</datafield>
<datafield ind1=" " ind2=" " tag="040">
<subfield code="a">1140</subfield>
<subfield code="b">ger</subfield>
<subfield code="c">DE-101</subfield>
<subfield code="d">9999</subfield>
</datafield>
<datafield ind1=" " ind2=" " tag="041">
<subfield code="8">1\p</subfield>
<subfield code="a">ger</subfield>
</datafield>
<datafield ind1=" " ind2=" " tag="044">
<subfield code="c">XA-DE-HE</subfield>
</datafield>
<datafield ind1="7" ind2="4" tag="082">
<subfield code="8">4\p</subfield>
<subfield code="a">741.5</subfield>
<subfield code="q">DE-101</subfield>
<subfield code="2">23sdnb</subfield>
</datafield>
<datafield ind1="1" ind2=" " tag="100">
<subfield code="8">2\p</subfield>
<subfield code="0">(DE-588)132937050</subfield>
<subfield code="0">https://d-nb.info/gnd/132937050</subfield>
<subfield code="0">(DE-101)132937050</subfield>
<subfield code="0">(orcid)0009-0008-5348-5343</subfield>
<subfield code="a">Jüngst, Heike Elisabeth</subfield>
<subfield code="d">1967-</subfield>
<subfield code="e">Verfasser</subfield>
<subfield code="4">aut</subfield>
<subfield code="2">gnd</subfield>
</datafield>
<datafield ind1="1" ind2="0" tag="245">
<subfield code="a">Die Quer-Comics. Die 1980er und ihre Ideale</subfield>
</datafield>
<datafield ind1=" " ind2="1" tag="264">
<subfield code="a">Frankfurt</subfield>
<subfield code="b">DIPF Leibniz Institut für Bildungsforschung und Bildungsinformation</subfield>
<subfield code="c">2026</subfield>
</datafield>
<datafield ind1=" " ind2=" " tag="300">
<subfield code="a">Online-Ressource</subfield>
</datafield>
<datafield ind1=" " ind2=" " tag="336">
<subfield code="a">Text</subfield>
<subfield code="b">txt</subfield>
<subfield code="2">rdacontent</subfield>
</datafield>
<datafield ind1=" " ind2=" " tag="337">
<subfield code="a">Computermedien</subfield>
<subfield code="b">c</subfield>
<subfield code="2">rdamedia</subfield>
</datafield>
<datafield ind1=" " ind2=" " tag="338">
<subfield code="a">Online-Ressource</subfield>
<subfield code="b">cr</subfield>
<subfield code="2">rdacarrier</subfield>
</datafield>
<datafield ind1="0" ind2=" " tag="490">
<subfield code="a">Beiträge zur historischen und systematischen Schulbuch- und Bildungsmedienforschung</subfield>
</datafield>
<datafield ind1=" " ind2=" " tag="500">
<subfield code="a">In: Kesper-Biermann, Sylvia [Hrsg.]; Strunk, Anna [Hrsg.]: Comics in Bildungskontexten. Entwicklungen, Diskurse, Praxis. Bad Heilbrunn : Verlag Julius Klinkhardt 2026, S. 80-96. - (Beiträge zur historischen und systematischen Schulbuch- und Bildungsmedienforschung). ISBN 978-3-7815-6208-0; 978-3-7815-2746-1</subfield>
</datafield>
<datafield ind1="0" ind2=" " tag="506">
<subfield code="a">Open Access</subfield>
<subfield code="f">Unrestricted online access</subfield>
<subfield code="u">http://purl.org/coar/access_right/c_abf2</subfield>
<subfield code="2">star</subfield>
</datafield>
<datafield ind1=" " ind2=" " tag="520">
<subfield code="a">Abstract: In den frühen 1980ern erschien in der Reihe rotfuchs im Rowohlt Verlag die Serie Quer-Comics. Diese Bezeichnung ist zum einen wörtlich zu verstehen: Die Comics haben Querformat und werden von unten nach oben aufgeklappt. Zum anderen wollen sie zu einem Denken quer zum Standard anregen. Die Themen der Comics sind Sklaven (1983), Moneymaker (1984) und Rüstung. Vom Anfang der Welt zu ihrem möglichen Ende (1984). Alle Bände führen anhand des Themas durch die Zeiten und fordern die Leser dazu auf, sich mit diesen Themen auseinanderzusetzen. Anders als die anderen beiden Quer-Comics hat Rüstung eine Rahmenhandlung mit zwei Protagonist*innen aus dem Jahr 1984, die eine Zeitreise unternehmen. So ergibt sich ein ständiger, geschichtlich gebundener Blick aus der Entstehungszeit des Comics auf die historischen Ereignisse. Die Darstellung der Protagonist*innen und ihrer Handlungen bzw. ihrer Reflexion der Geschichte wirft wiederum ein interessantes Licht auf die 1980er Jahre. Dazu ...</subfield>
</datafield>
<datafield ind1=" " ind2=" " tag="520">
<subfield code="a">Abstract: The comic Arms – from the beginning of the world to its possible end by Wolfgang Wimmer and Tschap [Gabriel Nemeth], published in Western Germany in 1984, deals with the dangers of nuclear weapons and the Peace Movement’s fight against it. As a young woman and her son travel through the ages, they encounter famous politicians and philosophers as well as the eternal soldier in various guises, witness violent wars and, back in the 1980s, decide to fight for peace. The book has a strictly leftist attitude and is a combination of comics narrative, political caricature and gentle pressure to get involved in political action. It is a typical example of a non-fiction book for children with a political agenda from 1980s Germany. (DIPF/Orig.)</subfield>
</datafield>
<datafield ind1=" " ind2=" " tag="540">
<subfield code="a">Creative Commons Namensnennung - Keine Bearbeitungen 4.0 International</subfield>
<subfield code="f">CC BY ND 4.0 International</subfield>
<subfield code="u">http://creativecommons.org/licenses/by-nd/4.0/deed.de</subfield>
<subfield code="2">cc</subfield>
</datafield>
<datafield ind1="1" ind2=" " tag="583">
<subfield code="a">Archivierung/Langzeitarchivierung gewährleistet</subfield>
<subfield code="5">DE-101</subfield>
<subfield code="2">pdager</subfield>
</datafield>
<datafield ind1=" " ind2="7" tag="650">
<subfield code="8">3\p</subfield>
<subfield code="0">(DE-588)4010427-8</subfield>
<subfield code="0">https://d-nb.info/gnd/4010427-8</subfield>
<subfield code="0">(DE-101)040104273</subfield>
<subfield code="a">Comic</subfield>
<subfield code="2">gnd</subfield>
</datafield>
<datafield ind1=" " ind2=" " tag="653">
<subfield code="a">Comic</subfield>
<subfield code="a">Friedensbewegung</subfield>
<subfield code="a">Kinderliteratur</subfield>
<subfield code="a">Jugendliteratur</subfield>
<subfield code="a">Politische Bildung</subfield>
<subfield code="a">Didaktik</subfield>
<subfield code="a">Identifikationsfigur</subfield>
<subfield code="a">80er Jahre</subfield>
<subfield code="a">20. Jahrhundert</subfield>
<subfield code="a">Deutschland-BRD</subfield>
<subfield code="a">Peace movement</subfield>
<subfield code="a">Children's literature</subfield>
<subfield code="a">Youth literature</subfield>
<subfield code="a">Citizenship education</subfield>
<subfield code="a">Civic education</subfield>
<subfield code="a">Political education</subfield>
<subfield code="a">Training method</subfield>
<subfield code="a">Role models</subfield>
<subfield code="a">Germany-FRG</subfield>
<subfield code="a">Growing old</subfield>
</datafield>
<datafield ind1=" " ind2=" " tag="850">
<subfield code="a">DE-101a</subfield>
</datafield>
<datafield ind1="4" ind2="0" tag="856">
<subfield code="u">https://doi.org/10.25656/01:34647</subfield>
<subfield code="x">Resolving-System</subfield>
</datafield>
<datafield ind1="4" ind2="0" tag="856">
<subfield code="u">https://nbn-resolving.org/urn:nbn:de:0111-pedocs-346471</subfield>
<subfield code="x">Resolving-System</subfield>
</datafield>
<datafield ind1=" " ind2="0" tag="856">
<subfield code="u">https://d-nb.info/1389924378/34</subfield>
<subfield code="x">Langzeitarchivierung Nationalbibliothek</subfield>
</datafield>
<datafield ind1="4" ind2=" " tag="856">
<subfield code="q">text/html</subfield>
<subfield code="u">https://www.pedocs.de/frontdoor.php?source_opus=34647</subfield>
<subfield code="z">kostenfrei</subfield>
</datafield>
<datafield ind1="4" ind2=" " tag="856">
<subfield code="q">application/pdf</subfield>
<subfield code="s">1274.25 kB</subfield>
<subfield code="u">https://www.pedocs.de/volltexte/2026/34647/pdf/Juengst_2026_Die_Quer-Comics.pdf</subfield>
<subfield code="z">kostenfrei</subfield>
<subfield code="3">Volltext</subfield>
</datafield>
<datafield ind1="1" ind2=" " tag="883">
<subfield code="8">1\p</subfield>
<subfield code="a">npi</subfield>
<subfield code="d">20260212</subfield>
<subfield code="q">DE-101</subfield>
<subfield code="u">https://d-nb.info/provenance/plan#npi</subfield>
</datafield>
<datafield ind1="1" ind2=" " tag="883">
<subfield code="8">2\p</subfield>
<subfield code="a">npi</subfield>
<subfield code="d">20260212</subfield>
<subfield code="q">DE-101</subfield>
<subfield code="u">https://d-nb.info/provenance/plan#npi</subfield>
</datafield>
<datafield ind1="0" ind2=" " tag="883">
<subfield code="8">3\p</subfield>
<subfield code="a">emagnd</subfield>
<subfield code="c">0,34928</subfield>
<subfield code="d">20260213</subfield>
<subfield code="q">DE-101</subfield>
<subfield code="u">https://d-nb.info/provenance/plan#emagnd</subfield>
</datafield>
<datafield ind1="0" ind2=" " tag="883">
<subfield code="8">4\p</subfield>
<subfield code="a">emasg</subfield>
<subfield code="c">0,49160</subfield>
<subfield code="d">20260213</subfield>
<subfield code="q">DE-101</subfield>
<subfield code="u">https://d-nb.info/provenance/plan#emasg</subfield>
</datafield>
<datafield ind1="r" ind2=" " tag="925">
<subfield code="a">ro</subfield>
<subfield code="a">rb</subfield>
</datafield>
<datafield ind1=" " ind2=" " tag="927">
<subfield code="a">30769201</subfield>
</datafield>
</record>