<record type="Bibliographic" xmlns="http://www.loc.gov/MARC21/slim">
<leader>00000nam a2200000uc 4500</leader>
<controlfield tag="001">1389924343</controlfield>
<controlfield tag="003">DE-101</controlfield>
<controlfield tag="005">20260304225106.0</controlfield>
<controlfield tag="007">cr||||||||||||</controlfield>
<controlfield tag="008">260212s2026    gw |||||o|||| 00||||ger  </controlfield>
<datafield ind1=" " ind2=" " tag="015">
<subfield code="a">26,O03</subfield>
<subfield code="2">dnb</subfield>
</datafield>
<datafield ind1="7" ind2=" " tag="016">
<subfield code="2">DE-101</subfield>
<subfield code="a">1389924343</subfield>
</datafield>
<datafield ind1="7" ind2=" " tag="024">
<subfield code="a">10.25656/01:34644</subfield>
<subfield code="2">doi</subfield>
</datafield>
<datafield ind1="7" ind2=" " tag="024">
<subfield code="2">urn</subfield>
<subfield code="a">urn:nbn:de:0111-pedocs-346448</subfield>
</datafield>
<datafield ind1=" " ind2=" " tag="035">
<subfield code="a">(DE-599)DNB1389924343</subfield>
</datafield>
<datafield ind1=" " ind2=" " tag="035">
<subfield code="a">(OCoLC)1576174691</subfield>
</datafield>
<datafield ind1=" " ind2=" " tag="040">
<subfield code="a">1140</subfield>
<subfield code="b">ger</subfield>
<subfield code="c">DE-101</subfield>
<subfield code="d">9999</subfield>
</datafield>
<datafield ind1=" " ind2=" " tag="041">
<subfield code="8">1\p</subfield>
<subfield code="a">ger</subfield>
</datafield>
<datafield ind1=" " ind2=" " tag="044">
<subfield code="c">XA-DE-HE</subfield>
</datafield>
<datafield ind1="7" ind2="4" tag="082">
<subfield code="8">5\p</subfield>
<subfield code="a">741.5</subfield>
<subfield code="q">DE-101</subfield>
<subfield code="2">23sdnb</subfield>
</datafield>
<datafield ind1="1" ind2=" " tag="100">
<subfield code="8">2\p</subfield>
<subfield code="0">(DE-588)1327245701</subfield>
<subfield code="0">https://d-nb.info/gnd/1327245701</subfield>
<subfield code="0">(DE-101)1327245701</subfield>
<subfield code="0">(orcid)0000-0001-9619-2833</subfield>
<subfield code="a">Strunk, Anna</subfield>
<subfield code="d">1994-</subfield>
<subfield code="e">Verfasser</subfield>
<subfield code="4">aut</subfield>
<subfield code="2">gnd</subfield>
</datafield>
<datafield ind1="1" ind2="0" tag="245">
<subfield code="a">"Kulturpessimisten" gegen "Micky Maus-Fortschrittsgläubige"? Der Wandel der Debatte um Comics als Bildungsmedien in der Zeitschrift Jugendschriften-Warte in den 1970er Jahren</subfield>
</datafield>
<datafield ind1=" " ind2="1" tag="264">
<subfield code="a">Frankfurt</subfield>
<subfield code="b">DIPF Leibniz Institut für Bildungsforschung und Bildungsinformation</subfield>
<subfield code="c">2026</subfield>
</datafield>
<datafield ind1=" " ind2=" " tag="300">
<subfield code="a">Online-Ressource</subfield>
</datafield>
<datafield ind1=" " ind2=" " tag="336">
<subfield code="a">Text</subfield>
<subfield code="b">txt</subfield>
<subfield code="2">rdacontent</subfield>
</datafield>
<datafield ind1=" " ind2=" " tag="337">
<subfield code="a">Computermedien</subfield>
<subfield code="b">c</subfield>
<subfield code="2">rdamedia</subfield>
</datafield>
<datafield ind1=" " ind2=" " tag="338">
<subfield code="a">Online-Ressource</subfield>
<subfield code="b">cr</subfield>
<subfield code="2">rdacarrier</subfield>
</datafield>
<datafield ind1="0" ind2=" " tag="490">
<subfield code="a">Beiträge zur historischen und systematischen Schulbuch- und Bildungsmedienforschung</subfield>
</datafield>
<datafield ind1=" " ind2=" " tag="500">
<subfield code="a">In: Kesper-Biermann, Sylvia [Hrsg.]; Strunk, Anna [Hrsg.]: Comics in Bildungskontexten. Entwicklungen, Diskurse, Praxis. Bad Heilbrunn : Verlag Julius Klinkhardt 2026, S. 33-45. - (Beiträge zur historischen und systematischen Schulbuch- und Bildungsmedienforschung). ISBN 978-3-7815-6208-0; 978-3-7815-2746-1</subfield>
</datafield>
<datafield ind1="0" ind2=" " tag="506">
<subfield code="a">Open Access</subfield>
<subfield code="f">Unrestricted online access</subfield>
<subfield code="u">http://purl.org/coar/access_right/c_abf2</subfield>
<subfield code="2">star</subfield>
</datafield>
<datafield ind1=" " ind2=" " tag="520">
<subfield code="a">Abstract: Nachdem der Comic in anderen Ländern schon lange Erfolge gefeiert hatte, kam er in der Nachkriegszeit auch in der Bundesrepublik Deutschland (BRD) an. Mit einer monatlich millionenfachen Auflage wurde er Teil eines jeden Kinder- und Jugendzimmers und zog so schnell die Aufmerksamkeit besorgter Eltern, Lehrkräfte und Pädagog*innen auf sich. Ausgetragen wurden diese Debatten zu wichtigen Teilen in pädagogischen Fachzeitschriften. Dazu zählte im Bereich der Kinder- und Jugendliteraturkritik als eines der wichtigsten Publikationsorgane die Jugendschriften-Warte. Sie bot sowohl Professor*innen und Dozierenden als auch Lehrkräften ein Forum, um ihre Meinung zum Ausdruck zu bringen. In den 1950er Jahren spielte sie deshalb eine wichtige Rolle bei der sogenannten „Anti-Comic-Kampagne“. Als sich in den 1970er Jahren jedoch sowohl die Einstellung zu Comics als auch im Rahmen der Bildungsreformen die Vorstellungen zur Aufgabe der Schule und des ...</subfield>
</datafield>
<datafield ind1=" " ind2=" " tag="520">
<subfield code="a">Abstract: This article explores the evolving discourse on comics as educational media within the German journal Jugendschriften-Warte during the 1970s. After their emergence in the Federal Republic of Germany in the 1950s, comics were perceived with skepticism, seen as detrimental to youth literacy and moral integrity. During the following “anti-comics-campaign” the Jugendschriften-Warte became one of the most important forums for voices criticizing comics. However, as educational reforms emerged, a new generation of educators and critics advocated for a broader understanding of literature, recognizing the potential of comics to engage students. The article examines key debates and shifts in perspective in the journal, highlighting the tension between conservative cultural pessimism and progressive views on comics as tools for democratizing access to culture. Through a close analysis of articles from this period, it illustrates the transformation in educational attitudes towards comics, ...</subfield>
</datafield>
<datafield ind1=" " ind2=" " tag="540">
<subfield code="a">Creative Commons Namensnennung - Keine Bearbeitungen 4.0 International</subfield>
<subfield code="f">CC BY ND 4.0 International</subfield>
<subfield code="u">http://creativecommons.org/licenses/by-nd/4.0/deed.de</subfield>
<subfield code="2">cc</subfield>
</datafield>
<datafield ind1="1" ind2=" " tag="583">
<subfield code="a">Archivierung/Langzeitarchivierung gewährleistet</subfield>
<subfield code="5">DE-101</subfield>
<subfield code="2">pdager</subfield>
</datafield>
<datafield ind1=" " ind2="7" tag="650">
<subfield code="8">3\p</subfield>
<subfield code="0">(DE-588)4010427-8</subfield>
<subfield code="0">https://d-nb.info/gnd/4010427-8</subfield>
<subfield code="0">(DE-101)040104273</subfield>
<subfield code="a">Comic</subfield>
<subfield code="2">gnd</subfield>
</datafield>
<datafield ind1=" " ind2="7" tag="651">
<subfield code="8">4\p</subfield>
<subfield code="0">(DE-588)4011882-4</subfield>
<subfield code="0">https://d-nb.info/gnd/4011882-4</subfield>
<subfield code="0">(DE-101)040118827</subfield>
<subfield code="a">Deutschland</subfield>
<subfield code="2">gnd</subfield>
</datafield>
<datafield ind1=" " ind2=" " tag="653">
<subfield code="a">Comic</subfield>
<subfield code="a">Bildungsreform</subfield>
<subfield code="a">Bildungsgeschichte</subfield>
<subfield code="a">Literaturkritik</subfield>
<subfield code="a">Unterrichtsmedien</subfield>
<subfield code="a">Jugendschriftenbewegung</subfield>
<subfield code="a">Debatte</subfield>
<subfield code="a">Wandel</subfield>
<subfield code="a">Historische Bildungsforschung</subfield>
<subfield code="a">50er Jahre</subfield>
<subfield code="a">60er Jahre</subfield>
<subfield code="a">70er Jahre</subfield>
<subfield code="a">20. Jahrhundert</subfield>
<subfield code="a">Deutschland-BRD</subfield>
<subfield code="a">Educational reform</subfield>
<subfield code="a">History of education</subfield>
<subfield code="a">History of educational activities</subfield>
<subfield code="a">Literary criticism</subfield>
<subfield code="a">Educational Media</subfield>
<subfield code="a">Educational technology</subfield>
<subfield code="a">Media teaching aids</subfield>
<subfield code="a">Germany-FRG</subfield>
<subfield code="a">Children's literature</subfield>
<subfield code="a">Youth literature</subfield>
<subfield code="a">Criticism</subfield>
</datafield>
<datafield ind1=" " ind2=" " tag="850">
<subfield code="a">DE-101a</subfield>
</datafield>
<datafield ind1="4" ind2="0" tag="856">
<subfield code="u">https://doi.org/10.25656/01:34644</subfield>
<subfield code="x">Resolving-System</subfield>
</datafield>
<datafield ind1="4" ind2="0" tag="856">
<subfield code="u">https://nbn-resolving.org/urn:nbn:de:0111-pedocs-346448</subfield>
<subfield code="x">Resolving-System</subfield>
</datafield>
<datafield ind1=" " ind2="0" tag="856">
<subfield code="u">https://d-nb.info/1389924343/34</subfield>
<subfield code="x">Langzeitarchivierung Nationalbibliothek</subfield>
</datafield>
<datafield ind1="4" ind2=" " tag="856">
<subfield code="q">text/html</subfield>
<subfield code="u">https://www.pedocs.de/frontdoor.php?source_opus=34644</subfield>
<subfield code="z">kostenfrei</subfield>
</datafield>
<datafield ind1="4" ind2=" " tag="856">
<subfield code="q">application/pdf</subfield>
<subfield code="s">391.20 kB</subfield>
<subfield code="u">https://www.pedocs.de/volltexte/2026/34644/pdf/Strunk_2026_Kulturpessimisten_gegen.pdf</subfield>
<subfield code="z">kostenfrei</subfield>
<subfield code="3">Volltext</subfield>
</datafield>
<datafield ind1="1" ind2=" " tag="883">
<subfield code="8">1\p</subfield>
<subfield code="a">npi</subfield>
<subfield code="d">20260212</subfield>
<subfield code="q">DE-101</subfield>
<subfield code="u">https://d-nb.info/provenance/plan#npi</subfield>
</datafield>
<datafield ind1="1" ind2=" " tag="883">
<subfield code="8">2\p</subfield>
<subfield code="a">npi</subfield>
<subfield code="d">20260212</subfield>
<subfield code="q">DE-101</subfield>
<subfield code="u">https://d-nb.info/provenance/plan#npi</subfield>
</datafield>
<datafield ind1="0" ind2=" " tag="883">
<subfield code="8">3\p</subfield>
<subfield code="a">emagnd</subfield>
<subfield code="c">0,43703</subfield>
<subfield code="d">20260213</subfield>
<subfield code="q">DE-101</subfield>
<subfield code="u">https://d-nb.info/provenance/plan#emagnd</subfield>
</datafield>
<datafield ind1="0" ind2=" " tag="883">
<subfield code="8">4\p</subfield>
<subfield code="a">emagnd</subfield>
<subfield code="c">0,10218</subfield>
<subfield code="d">20260213</subfield>
<subfield code="q">DE-101</subfield>
<subfield code="u">https://d-nb.info/provenance/plan#emagnd</subfield>
</datafield>
<datafield ind1="0" ind2=" " tag="883">
<subfield code="8">5\p</subfield>
<subfield code="a">emasg</subfield>
<subfield code="c">0,34047</subfield>
<subfield code="d">20260213</subfield>
<subfield code="q">DE-101</subfield>
<subfield code="u">https://d-nb.info/provenance/plan#emasg</subfield>
</datafield>
<datafield ind1="r" ind2=" " tag="925">
<subfield code="a">ro</subfield>
<subfield code="a">rb</subfield>
</datafield>
<datafield ind1=" " ind2=" " tag="927">
<subfield code="a">30769201</subfield>
</datafield>
</record>