<record type="Bibliographic" xmlns="http://www.loc.gov/MARC21/slim">
<leader>00000nam a2200000uc 4500</leader>
<controlfield tag="001">1389924386</controlfield>
<controlfield tag="003">DE-101</controlfield>
<controlfield tag="005">20260304225207.0</controlfield>
<controlfield tag="007">cr||||||||||||</controlfield>
<controlfield tag="008">260212s2026    gw |||||o|||| 00||||ger  </controlfield>
<datafield ind1=" " ind2=" " tag="015">
<subfield code="a">26,O03</subfield>
<subfield code="2">dnb</subfield>
</datafield>
<datafield ind1="7" ind2=" " tag="016">
<subfield code="2">DE-101</subfield>
<subfield code="a">1389924386</subfield>
</datafield>
<datafield ind1="7" ind2=" " tag="024">
<subfield code="a">10.25656/01:34649</subfield>
<subfield code="2">doi</subfield>
</datafield>
<datafield ind1="7" ind2=" " tag="024">
<subfield code="2">urn</subfield>
<subfield code="a">urn:nbn:de:0111-pedocs-346493</subfield>
</datafield>
<datafield ind1=" " ind2=" " tag="035">
<subfield code="a">(DE-599)DNB1389924386</subfield>
</datafield>
<datafield ind1=" " ind2=" " tag="035">
<subfield code="a">(OCoLC)1576167538</subfield>
</datafield>
<datafield ind1=" " ind2=" " tag="040">
<subfield code="a">1140</subfield>
<subfield code="b">ger</subfield>
<subfield code="c">DE-101</subfield>
<subfield code="d">9999</subfield>
</datafield>
<datafield ind1=" " ind2=" " tag="041">
<subfield code="8">1\p</subfield>
<subfield code="a">ger</subfield>
</datafield>
<datafield ind1=" " ind2=" " tag="044">
<subfield code="c">XA-DE-HE</subfield>
</datafield>
<datafield ind1="7" ind2="4" tag="082">
<subfield code="8">7\p</subfield>
<subfield code="a">741.5</subfield>
<subfield code="q">DE-101</subfield>
<subfield code="2">23sdnb</subfield>
</datafield>
<datafield ind1="1" ind2=" " tag="100">
<subfield code="8">2\p</subfield>
<subfield code="0">(DE-588)13651233X</subfield>
<subfield code="0">https://d-nb.info/gnd/13651233X</subfield>
<subfield code="0">(DE-101)13651233X</subfield>
<subfield code="a">Al-Taie, Yvonne</subfield>
<subfield code="d">1980-</subfield>
<subfield code="e">Verfasser</subfield>
<subfield code="4">aut</subfield>
<subfield code="2">gnd</subfield>
</datafield>
<datafield ind1="1" ind2="0" tag="245">
<subfield code="a">Multimediales Erzählen in einer Welt der Krisen. Comics in der antisemitismus- und rassismuskritischen sowie diversitätssensiblen Hochschullehre</subfield>
</datafield>
<datafield ind1=" " ind2="1" tag="264">
<subfield code="a">Frankfurt</subfield>
<subfield code="b">DIPF Leibniz Institut für Bildungsforschung und Bildungsinformation</subfield>
<subfield code="c">2026</subfield>
</datafield>
<datafield ind1=" " ind2=" " tag="300">
<subfield code="a">Online-Ressource</subfield>
</datafield>
<datafield ind1=" " ind2=" " tag="336">
<subfield code="a">Text</subfield>
<subfield code="b">txt</subfield>
<subfield code="2">rdacontent</subfield>
</datafield>
<datafield ind1=" " ind2=" " tag="337">
<subfield code="a">Computermedien</subfield>
<subfield code="b">c</subfield>
<subfield code="2">rdamedia</subfield>
</datafield>
<datafield ind1=" " ind2=" " tag="338">
<subfield code="a">Online-Ressource</subfield>
<subfield code="b">cr</subfield>
<subfield code="2">rdacarrier</subfield>
</datafield>
<datafield ind1="0" ind2=" " tag="490">
<subfield code="a">Beiträge zur historischen und systematischen Schulbuch- und Bildungsmedienforschung</subfield>
</datafield>
<datafield ind1=" " ind2=" " tag="500">
<subfield code="a">In: Kesper-Biermann, Sylvia [Hrsg.]; Strunk, Anna [Hrsg.]: Comics in Bildungskontexten. Entwicklungen, Diskurse, Praxis. Bad Heilbrunn : Verlag Julius Klinkhardt 2026, S. 111-131. - (Beiträge zur historischen und systematischen Schulbuch- und Bildungsmedienforschung). ISBN 978-3-7815-6208-0; 978-3-7815-2746-1</subfield>
</datafield>
<datafield ind1="0" ind2=" " tag="506">
<subfield code="a">Open Access</subfield>
<subfield code="f">Unrestricted online access</subfield>
<subfield code="u">http://purl.org/coar/access_right/c_abf2</subfield>
<subfield code="2">star</subfield>
</datafield>
<datafield ind1=" " ind2=" " tag="520">
<subfield code="a">Abstract: Die Autorinnen geben einen Einblick in den Einsatz von Comics in der Deuschlehrer*innen- und Kunstpädagog*innenausbildung an der Universität zu Kiel. In ihrem Beitrag berichten sie aus der Projektpraxis, indem sie die didaktische Konzeption des Seminars vorstellen und reflektieren. Ein wesentliches Element der Lehrveranstaltung bildete die eigene Comicerstellung durch Studierende und eine darauf aufbauende Ausstellung der Zeichnungen. Comics können zudem außerhalb des Schul- und Hochschulunterrichts die Funktion von Medien informeller Bildung übernehmen. (DIPF/Orig.)</subfield>
</datafield>
<datafield ind1=" " ind2=" " tag="520">
<subfield code="a">Abstract: The article discusses an interdisciplinary seminar based on the comic-project “How are you? Illustrators against antisemitism, hatred and racism”, which was co-taught in the departments of Art History and Modern German Literature at Kiel University in fall 2024/25. The seminar taught core terminology and strategies of comic analysis accompanied by practical elements, such as a two-day comic-drawing workshop lead by local based professional illustrators and the curation of a studio exhibition. The course aims to educate students both in the interpretation of comics as multimedia art as well as in didactics and transfer strategies enabling them to foster their skills in taking responsibility in a diverse and open society. (DIPF/Orig.)</subfield>
</datafield>
<datafield ind1=" " ind2=" " tag="540">
<subfield code="a">Creative Commons Namensnennung - Keine Bearbeitungen 4.0 International</subfield>
<subfield code="f">CC BY ND 4.0 International</subfield>
<subfield code="u">http://creativecommons.org/licenses/by-nd/4.0/deed.de</subfield>
<subfield code="2">cc</subfield>
</datafield>
<datafield ind1="1" ind2=" " tag="583">
<subfield code="a">Archivierung/Langzeitarchivierung gewährleistet</subfield>
<subfield code="5">DE-101</subfield>
<subfield code="2">pdager</subfield>
</datafield>
<datafield ind1=" " ind2="7" tag="650">
<subfield code="8">4\p</subfield>
<subfield code="0">(DE-588)4010427-8</subfield>
<subfield code="0">https://d-nb.info/gnd/4010427-8</subfield>
<subfield code="0">(DE-101)040104273</subfield>
<subfield code="a">Comic</subfield>
<subfield code="2">gnd</subfield>
</datafield>
<datafield ind1=" " ind2="7" tag="650">
<subfield code="8">5\p</subfield>
<subfield code="0">(DE-588)4312811-7</subfield>
<subfield code="0">https://d-nb.info/gnd/4312811-7</subfield>
<subfield code="0">(DE-101)043128114</subfield>
<subfield code="a">Vielfalt</subfield>
<subfield code="2">gnd</subfield>
</datafield>
<datafield ind1=" " ind2="7" tag="651">
<subfield code="8">6\p</subfield>
<subfield code="0">(DE-588)4011882-4</subfield>
<subfield code="0">https://d-nb.info/gnd/4011882-4</subfield>
<subfield code="0">(DE-101)040118827</subfield>
<subfield code="a">Deutschland</subfield>
<subfield code="2">gnd</subfield>
</datafield>
<datafield ind1=" " ind2=" " tag="653">
<subfield code="a">Comic</subfield>
<subfield code="a">Multimedia</subfield>
<subfield code="a">Diskriminierung</subfield>
<subfield code="a">Hochschullehre</subfield>
<subfield code="a">Didaktik</subfield>
<subfield code="a">Lehrerausbildung</subfield>
<subfield code="a">Informelle Bildung</subfield>
<subfield code="a">Discrimination</subfield>
<subfield code="a">Higher education lecturing</subfield>
<subfield code="a">University lecturing</subfield>
<subfield code="a">University teaching</subfield>
<subfield code="a">Training method</subfield>
<subfield code="a">Teacher education</subfield>
<subfield code="a">Teacher training</subfield>
<subfield code="a">Informal education</subfield>
</datafield>
<datafield ind1="1" ind2=" " tag="700">
<subfield code="8">3\p</subfield>
<subfield code="0">(DE-588)131988131</subfield>
<subfield code="0">https://d-nb.info/gnd/131988131</subfield>
<subfield code="0">(DE-101)131988131</subfield>
<subfield code="0">(orcid)0009-0002-5146-9549</subfield>
<subfield code="a">Schwertfeger, Susanne</subfield>
<subfield code="d">1972-</subfield>
<subfield code="e">Verfasser</subfield>
<subfield code="4">aut</subfield>
<subfield code="2">gnd</subfield>
</datafield>
<datafield ind1=" " ind2=" " tag="850">
<subfield code="a">DE-101a</subfield>
</datafield>
<datafield ind1="4" ind2="0" tag="856">
<subfield code="u">https://doi.org/10.25656/01:34649</subfield>
<subfield code="x">Resolving-System</subfield>
</datafield>
<datafield ind1="4" ind2="0" tag="856">
<subfield code="u">https://nbn-resolving.org/urn:nbn:de:0111-pedocs-346493</subfield>
<subfield code="x">Resolving-System</subfield>
</datafield>
<datafield ind1=" " ind2="0" tag="856">
<subfield code="u">https://d-nb.info/1389924386/34</subfield>
<subfield code="x">Langzeitarchivierung Nationalbibliothek</subfield>
</datafield>
<datafield ind1="4" ind2=" " tag="856">
<subfield code="q">text/html</subfield>
<subfield code="u">https://www.pedocs.de/frontdoor.php?source_opus=34649</subfield>
<subfield code="z">kostenfrei</subfield>
</datafield>
<datafield ind1="4" ind2=" " tag="856">
<subfield code="q">application/pdf</subfield>
<subfield code="s">1618.22 kB</subfield>
<subfield code="u">https://www.pedocs.de/volltexte/2026/34649/pdf/Al-Taie_Schwertfeger_2026_Multimediales_Erzaehlen.pdf</subfield>
<subfield code="z">kostenfrei</subfield>
<subfield code="3">Volltext</subfield>
</datafield>
<datafield ind1="1" ind2=" " tag="883">
<subfield code="8">1\p</subfield>
<subfield code="a">npi</subfield>
<subfield code="d">20260212</subfield>
<subfield code="q">DE-101</subfield>
<subfield code="u">https://d-nb.info/provenance/plan#npi</subfield>
</datafield>
<datafield ind1="1" ind2=" " tag="883">
<subfield code="8">2\p</subfield>
<subfield code="a">npi</subfield>
<subfield code="d">20260212</subfield>
<subfield code="q">DE-101</subfield>
<subfield code="u">https://d-nb.info/provenance/plan#npi</subfield>
</datafield>
<datafield ind1="1" ind2=" " tag="883">
<subfield code="8">3\p</subfield>
<subfield code="a">npi</subfield>
<subfield code="d">20260212</subfield>
<subfield code="q">DE-101</subfield>
<subfield code="u">https://d-nb.info/provenance/plan#npi</subfield>
</datafield>
<datafield ind1="0" ind2=" " tag="883">
<subfield code="8">4\p</subfield>
<subfield code="a">emagnd</subfield>
<subfield code="c">0,63771</subfield>
<subfield code="d">20260213</subfield>
<subfield code="q">DE-101</subfield>
<subfield code="u">https://d-nb.info/provenance/plan#emagnd</subfield>
</datafield>
<datafield ind1="0" ind2=" " tag="883">
<subfield code="8">5\p</subfield>
<subfield code="a">emagnd</subfield>
<subfield code="c">0,11542</subfield>
<subfield code="d">20260213</subfield>
<subfield code="q">DE-101</subfield>
<subfield code="u">https://d-nb.info/provenance/plan#emagnd</subfield>
</datafield>
<datafield ind1="0" ind2=" " tag="883">
<subfield code="8">6\p</subfield>
<subfield code="a">emagnd</subfield>
<subfield code="c">0,08047</subfield>
<subfield code="d">20260213</subfield>
<subfield code="q">DE-101</subfield>
<subfield code="u">https://d-nb.info/provenance/plan#emagnd</subfield>
</datafield>
<datafield ind1="0" ind2=" " tag="883">
<subfield code="8">7\p</subfield>
<subfield code="a">emasg</subfield>
<subfield code="c">0,38123</subfield>
<subfield code="d">20260213</subfield>
<subfield code="q">DE-101</subfield>
<subfield code="u">https://d-nb.info/provenance/plan#emasg</subfield>
</datafield>
<datafield ind1="r" ind2=" " tag="925">
<subfield code="a">ro</subfield>
<subfield code="a">rb</subfield>
</datafield>
<datafield ind1=" " ind2=" " tag="927">
<subfield code="a">30769201</subfield>
</datafield>
</record>