<record type="Bibliographic" xmlns="http://www.loc.gov/MARC21/slim">
<leader>00000nam a2200000uc 4500</leader>
<controlfield tag="001">1397412712</controlfield>
<controlfield tag="003">DE-101</controlfield>
<controlfield tag="005">20260511080411.0</controlfield>
<controlfield tag="007">cr||||||||||||</controlfield>
<controlfield tag="008">260427s2025    gw |||||om||| 00||||eng  </controlfield>
<datafield ind1=" " ind2=" " tag="015">
<subfield code="a">26,O05</subfield>
<subfield code="2">dnb</subfield>
</datafield>
<datafield ind1="7" ind2=" " tag="016">
<subfield code="2">DE-101</subfield>
<subfield code="a">1397412712</subfield>
</datafield>
<datafield ind1="7" ind2=" " tag="024">
<subfield code="a">10.22029/jlupub-20815</subfield>
<subfield code="2">doi</subfield>
</datafield>
<datafield ind1="7" ind2=" " tag="024">
<subfield code="2">urn</subfield>
<subfield code="a">urn:nbn:de:101:1-2604270148102.193676771158</subfield>
</datafield>
<datafield ind1=" " ind2=" " tag="035">
<subfield code="a">(DE-599)DNB1397412712</subfield>
</datafield>
<datafield ind1=" " ind2=" " tag="035">
<subfield code="a">(OCoLC)1589027246</subfield>
</datafield>
<datafield ind1=" " ind2=" " tag="040">
<subfield code="a">1140</subfield>
<subfield code="b">ger</subfield>
<subfield code="c">DE-101</subfield>
<subfield code="d">1150</subfield>
</datafield>
<datafield ind1=" " ind2=" " tag="041">
<subfield code="8">1\p</subfield>
<subfield code="a">eng</subfield>
</datafield>
<datafield ind1=" " ind2=" " tag="044">
<subfield code="c">XA-DE-HE</subfield>
</datafield>
<datafield ind1="7" ind2="4" tag="082">
<subfield code="8">10\p</subfield>
<subfield code="a">741.5</subfield>
<subfield code="q">DE-101</subfield>
<subfield code="2">23sdnb</subfield>
</datafield>
<datafield ind1="1" ind2=" " tag="100">
<subfield code="8">2\p</subfield>
<subfield code="a">Vargas López, Richard Damián</subfield>
<subfield code="e">Verfasser</subfield>
<subfield code="4">aut</subfield>
</datafield>
<datafield ind1="1" ind2="0" tag="245">
<subfield code="a">Documentary Comics as Medium of Historical Memory in Colombia: Covers, Paratexts, and Graphic Narratives in three Contemporary Works</subfield>
<subfield code="c">Richard Damián Vargas López ; Verena Dolle, Kirsten von Hagen</subfield>
</datafield>
<datafield ind1=" " ind2="1" tag="264">
<subfield code="a">Gießen</subfield>
<subfield code="b">Universitätsbibliothek Gießen</subfield>
<subfield code="c">2025</subfield>
</datafield>
<datafield ind1=" " ind2=" " tag="300">
<subfield code="a">Online-Ressource</subfield>
</datafield>
<datafield ind1=" " ind2=" " tag="336">
<subfield code="a">Text</subfield>
<subfield code="b">txt</subfield>
<subfield code="2">rdacontent</subfield>
</datafield>
<datafield ind1=" " ind2=" " tag="337">
<subfield code="a">Computermedien</subfield>
<subfield code="b">c</subfield>
<subfield code="2">rdamedia</subfield>
</datafield>
<datafield ind1=" " ind2=" " tag="338">
<subfield code="a">Online-Ressource</subfield>
<subfield code="b">cr</subfield>
<subfield code="2">rdacarrier</subfield>
</datafield>
<datafield ind1=" " ind2=" " tag="502">
<subfield code="b">Dissertation</subfield>
<subfield code="c">Gießen, Justus-Liebig-Universität Gießen</subfield>
<subfield code="d">2025</subfield>
</datafield>
<datafield ind1="0" ind2=" " tag="506">
<subfield code="a">Open Access</subfield>
<subfield code="f">Unrestricted online access</subfield>
<subfield code="u">http://purl.org/coar/access_right/c_abf2</subfield>
<subfield code="2">star</subfield>
</datafield>
<datafield ind1=" " ind2=" " tag="540">
<subfield code="u">http://rightsstatements.org/page/InC/1.0/</subfield>
</datafield>
<datafield ind1="1" ind2=" " tag="583">
<subfield code="a">Archivierung/Langzeitarchivierung gewährleistet</subfield>
<subfield code="5">DE-101</subfield>
<subfield code="2">pdager</subfield>
</datafield>
<datafield ind1=" " ind2="7" tag="650">
<subfield code="8">5\p</subfield>
<subfield code="0">(DE-588)4200793-8</subfield>
<subfield code="0">https://d-nb.info/gnd/4200793-8</subfield>
<subfield code="0">(DE-101)042007933</subfield>
<subfield code="a">Kollektives Gedächtnis</subfield>
<subfield code="2">gnd</subfield>
</datafield>
<datafield ind1=" " ind2="7" tag="650">
<subfield code="8">6\p</subfield>
<subfield code="0">(DE-588)4010427-8</subfield>
<subfield code="0">https://d-nb.info/gnd/4010427-8</subfield>
<subfield code="0">(DE-101)040104273</subfield>
<subfield code="a">Comic</subfield>
<subfield code="2">gnd</subfield>
</datafield>
<datafield ind1=" " ind2="7" tag="650">
<subfield code="8">7\p</subfield>
<subfield code="0">(DE-588)7658564-5</subfield>
<subfield code="0">https://d-nb.info/gnd/7658564-5</subfield>
<subfield code="0">(DE-101)994198280</subfield>
<subfield code="a">Graphic Novel</subfield>
<subfield code="2">gnd</subfield>
</datafield>
<datafield ind1=" " ind2="7" tag="650">
<subfield code="8">9\p</subfield>
<subfield code="0">(DE-588)4193441-6</subfield>
<subfield code="0">https://d-nb.info/gnd/4193441-6</subfield>
<subfield code="0">(DE-101)041934415</subfield>
<subfield code="a">Erinnerung</subfield>
<subfield code="g">Motiv</subfield>
<subfield code="2">gnd</subfield>
</datafield>
<datafield ind1=" " ind2="7" tag="651">
<subfield code="8">8\p</subfield>
<subfield code="0">(DE-588)4078704-7</subfield>
<subfield code="0">https://d-nb.info/gnd/4078704-7</subfield>
<subfield code="0">(DE-101)040787044</subfield>
<subfield code="a">USA</subfield>
<subfield code="2">gnd</subfield>
</datafield>
<datafield ind1=" " ind2=" " tag="653">
<subfield code="a">Documentary Comics</subfield>
</datafield>
<datafield ind1=" " ind2=" " tag="653">
<subfield code="a">Historical Memory</subfield>
</datafield>
<datafield ind1=" " ind2=" " tag="653">
<subfield code="a">Colombia</subfield>
</datafield>
<datafield ind1=" " ind2=" " tag="653">
<subfield code="a">Graphic Narratives</subfield>
</datafield>
<datafield ind1=" " ind2=" " tag="653">
<subfield code="a">Historia gráfica</subfield>
</datafield>
<datafield ind1="1" ind2=" " tag="700">
<subfield code="8">3\p</subfield>
<subfield code="a">Dolle, Verena</subfield>
<subfield code="e">Akademischer Betreuer</subfield>
<subfield code="4">dgs</subfield>
</datafield>
<datafield ind1="1" ind2=" " tag="700">
<subfield code="8">4\p</subfield>
<subfield code="a">von Hagen, Kirsten</subfield>
<subfield code="e">Akademischer Betreuer</subfield>
<subfield code="4">dgs</subfield>
</datafield>
<datafield ind1=" " ind2=" " tag="850">
<subfield code="a">DE-101a</subfield>
</datafield>
<datafield ind1="4" ind2="0" tag="856">
<subfield code="u">https://doi.org/10.22029/jlupub-20815</subfield>
<subfield code="x">Resolving-System</subfield>
</datafield>
<datafield ind1="4" ind2="0" tag="856">
<subfield code="u">https://nbn-resolving.org/urn:nbn:de:101:1-2604270148102.193676771158</subfield>
<subfield code="x">Resolving-System</subfield>
</datafield>
<datafield ind1=" " ind2="0" tag="856">
<subfield code="u">https://d-nb.info/1397412712/34</subfield>
<subfield code="x">Langzeitarchivierung Nationalbibliothek</subfield>
</datafield>
<datafield ind1="4" ind2=" " tag="856">
<subfield code="q">application/pdf</subfield>
<subfield code="u">https://jlupub.ub.uni-giessen.de/handle/jlupub/21468</subfield>
<subfield code="x">Verlag</subfield>
<subfield code="z">kostenfrei</subfield>
</datafield>
<datafield ind1="1" ind2=" " tag="883">
<subfield code="8">1\p</subfield>
<subfield code="a">npi</subfield>
<subfield code="d">20260427</subfield>
<subfield code="q">DE-101</subfield>
<subfield code="u">https://d-nb.info/provenance/plan#npi</subfield>
</datafield>
<datafield ind1="1" ind2=" " tag="883">
<subfield code="8">2\p</subfield>
<subfield code="a">npi</subfield>
<subfield code="d">20260427</subfield>
<subfield code="q">DE-101</subfield>
<subfield code="u">https://d-nb.info/provenance/plan#npi</subfield>
</datafield>
<datafield ind1="1" ind2=" " tag="883">
<subfield code="8">3\p</subfield>
<subfield code="a">npi</subfield>
<subfield code="d">20260427</subfield>
<subfield code="q">DE-101</subfield>
<subfield code="u">https://d-nb.info/provenance/plan#npi</subfield>
</datafield>
<datafield ind1="1" ind2=" " tag="883">
<subfield code="8">4\p</subfield>
<subfield code="a">npi</subfield>
<subfield code="d">20260427</subfield>
<subfield code="q">DE-101</subfield>
<subfield code="u">https://d-nb.info/provenance/plan#npi</subfield>
</datafield>
<datafield ind1="0" ind2=" " tag="883">
<subfield code="8">5\p</subfield>
<subfield code="a">emagnd</subfield>
<subfield code="c">0,30691</subfield>
<subfield code="d">20260428</subfield>
<subfield code="q">DE-101</subfield>
<subfield code="u">https://d-nb.info/provenance/plan#emagnd</subfield>
</datafield>
<datafield ind1="0" ind2=" " tag="883">
<subfield code="8">6\p</subfield>
<subfield code="a">emagnd</subfield>
<subfield code="c">0,30162</subfield>
<subfield code="d">20260428</subfield>
<subfield code="q">DE-101</subfield>
<subfield code="u">https://d-nb.info/provenance/plan#emagnd</subfield>
</datafield>
<datafield ind1="0" ind2=" " tag="883">
<subfield code="8">7\p</subfield>
<subfield code="a">emagnd</subfield>
<subfield code="c">0,10638</subfield>
<subfield code="d">20260428</subfield>
<subfield code="q">DE-101</subfield>
<subfield code="u">https://d-nb.info/provenance/plan#emagnd</subfield>
</datafield>
<datafield ind1="0" ind2=" " tag="883">
<subfield code="8">8\p</subfield>
<subfield code="a">emagnd</subfield>
<subfield code="c">0,05179</subfield>
<subfield code="d">20260428</subfield>
<subfield code="q">DE-101</subfield>
<subfield code="u">https://d-nb.info/provenance/plan#emagnd</subfield>
</datafield>
<datafield ind1="0" ind2=" " tag="883">
<subfield code="8">9\p</subfield>
<subfield code="a">emagnd</subfield>
<subfield code="c">0,04663</subfield>
<subfield code="d">20260428</subfield>
<subfield code="q">DE-101</subfield>
<subfield code="u">https://d-nb.info/provenance/plan#emagnd</subfield>
</datafield>
<datafield ind1="0" ind2=" " tag="883">
<subfield code="8">10\p</subfield>
<subfield code="a">emasg</subfield>
<subfield code="c">0,62793</subfield>
<subfield code="d">20260428</subfield>
<subfield code="q">DE-101</subfield>
<subfield code="u">https://d-nb.info/provenance/plan#emasg</subfield>
</datafield>
<datafield ind1="r" ind2=" " tag="925">
<subfield code="a">ro</subfield>
<subfield code="a">rh</subfield>
</datafield>
<datafield ind1=" " ind2=" " tag="927">
<subfield code="a">28966952</subfield>
</datafield>
</record>