<record type="Bibliographic" xmlns="http://www.loc.gov/MARC21/slim">
<leader>00000nam a2200000uc 4500</leader>
<controlfield tag="001">1389923266</controlfield>
<controlfield tag="003">DE-101</controlfield>
<controlfield tag="005">20260305000929.0</controlfield>
<controlfield tag="007">cr||||||||||||</controlfield>
<controlfield tag="008">260212s2025    gw |||||o|||| 00||||ger  </controlfield>
<datafield ind1=" " ind2=" " tag="015">
<subfield code="a">26,O03</subfield>
<subfield code="2">dnb</subfield>
</datafield>
<datafield ind1="7" ind2=" " tag="016">
<subfield code="2">DE-101</subfield>
<subfield code="a">1389923266</subfield>
</datafield>
<datafield ind1="7" ind2=" " tag="024">
<subfield code="a">10.25656/01:34561</subfield>
<subfield code="2">doi</subfield>
</datafield>
<datafield ind1="7" ind2=" " tag="024">
<subfield code="2">urn</subfield>
<subfield code="a">urn:nbn:de:0111-pedocs-345616</subfield>
</datafield>
<datafield ind1=" " ind2=" " tag="035">
<subfield code="a">(DE-599)DNB1389923266</subfield>
</datafield>
<datafield ind1=" " ind2=" " tag="035">
<subfield code="a">(OCoLC)1576193735</subfield>
</datafield>
<datafield ind1=" " ind2=" " tag="040">
<subfield code="a">1140</subfield>
<subfield code="b">ger</subfield>
<subfield code="c">DE-101</subfield>
<subfield code="d">9999</subfield>
</datafield>
<datafield ind1=" " ind2=" " tag="041">
<subfield code="8">1\p</subfield>
<subfield code="a">ger</subfield>
</datafield>
<datafield ind1=" " ind2=" " tag="044">
<subfield code="c">XA-DE-HE</subfield>
</datafield>
<datafield ind1="7" ind2="4" tag="082">
<subfield code="8">5\p</subfield>
<subfield code="a">741.5</subfield>
<subfield code="q">DE-101</subfield>
<subfield code="2">23sdnb</subfield>
</datafield>
<datafield ind1="1" ind2=" " tag="100">
<subfield code="8">2\p</subfield>
<subfield code="0">(DE-588)132937050</subfield>
<subfield code="0">https://d-nb.info/gnd/132937050</subfield>
<subfield code="0">(DE-101)132937050</subfield>
<subfield code="0">(orcid)0009-0008-5348-5343</subfield>
<subfield code="a">Jüngst, Heike Elisabeth</subfield>
<subfield code="d">1967-</subfield>
<subfield code="e">Verfasser</subfield>
<subfield code="4">aut</subfield>
<subfield code="2">gnd</subfield>
</datafield>
<datafield ind1="1" ind2="0" tag="245">
<subfield code="a">Protagonist*innen im Umweltcomic für Kinder</subfield>
</datafield>
<datafield ind1=" " ind2="1" tag="264">
<subfield code="a">Frankfurt</subfield>
<subfield code="b">DIPF Leibniz Institut für Bildungsforschung und Bildungsinformation</subfield>
<subfield code="c">2025</subfield>
</datafield>
<datafield ind1=" " ind2=" " tag="300">
<subfield code="a">Online-Ressource</subfield>
</datafield>
<datafield ind1=" " ind2=" " tag="336">
<subfield code="a">Text</subfield>
<subfield code="b">txt</subfield>
<subfield code="2">rdacontent</subfield>
</datafield>
<datafield ind1=" " ind2=" " tag="337">
<subfield code="a">Computermedien</subfield>
<subfield code="b">c</subfield>
<subfield code="2">rdamedia</subfield>
</datafield>
<datafield ind1=" " ind2=" " tag="338">
<subfield code="a">Online-Ressource</subfield>
<subfield code="b">cr</subfield>
<subfield code="2">rdacarrier</subfield>
</datafield>
<datafield ind1="0" ind2=" " tag="490">
<subfield code="a">Beiträge zur historischen und systematischen Schulbuch- und Bildungsmedienforschung</subfield>
</datafield>
<datafield ind1=" " ind2=" " tag="500">
<subfield code="a">In: Matthes, Eva [Hrsg.]; Bagoly-Simó, Péter [Hrsg.]; Juska-Bacher, Britta [Hrsg.]; Schütze, Sylvia [Hrsg.]; Wiele, Jan van [Hrsg.]: Nachhaltigkeit und Bildungsmedien. Bad Heilbrunn : Verlag Julius Klinkhardt 2025, S. 213-232. - (Beiträge zur historischen und systematischen Schulbuch- und Bildungsmedienforschung). ISBN 978-3-7815-6206-6; 978-3-7815-2744-7</subfield>
</datafield>
<datafield ind1="0" ind2=" " tag="506">
<subfield code="a">Open Access</subfield>
<subfield code="f">Unrestricted online access</subfield>
<subfield code="u">http://purl.org/coar/access_right/c_abf2</subfield>
<subfield code="2">star</subfield>
</datafield>
<datafield ind1=" " ind2=" " tag="520">
<subfield code="a">Abstract: Die Autorin befasst sich mit edukativen Comics für Kinder. Dieses bislang wenig beforschte Bildungsmedium wird neben Verlagen gerne von NGOs genutzt, um deren Anliegen zu vermitteln, so auch zum Thema Umweltschutz. Die Autorin untersucht Umweltcomics aus den 2010er- und 2020er-Jahren aus unterschiedlichen Kulturen; dabei legt sie den Fokus auf die Produzent*innen, die Themen, die Strukturen und schwerpunktmäßig die Protagonist*innen, bei denen sie Kinder/Jugendliche, Lehrer*innen/Expert*innen, anthropomorphisierte Tiere, Superheld*innen und mythische Wesen unterscheidet. Es lassen sich immer wiederkehrende Erzählstrukturen und Charaktere erkennen. Jüngst verweist auf die besonderen Vermittlungschancen, die aus der Text-Bild-Kombination und dem narrativen Rahmen erwachsen und aus ihrer Sicht noch nicht genügend für Lehr-Lern-Prozesse genutzt werden. (DIPF/Orig.)</subfield>
</datafield>
<datafield ind1=" " ind2=" " tag="520">
<subfield code="a">Abstract: Comics dealing with environmental protection make up a considerable percentage of educational comics published today. They normally address a young readership and have some patterns in common. We find fantastic journeys as well as everyday problems. Among the protagonists, children as well as human and animal experts are popular, as are superheroes fighting supervillains. Most of the comics present a specific problem and offer solutions. The children are encouraged to take action and protect the environment. (DIPF/Orig.)</subfield>
</datafield>
<datafield ind1=" " ind2=" " tag="540">
<subfield code="a">Creative Commons Namensnennung - Keine Bearbeitungen 4.0 International</subfield>
<subfield code="f">CC BY ND 4.0 International</subfield>
<subfield code="u">http://creativecommons.org/licenses/by-nd/4.0/deed.de</subfield>
<subfield code="2">cc</subfield>
</datafield>
<datafield ind1="1" ind2=" " tag="583">
<subfield code="a">Archivierung/Langzeitarchivierung gewährleistet</subfield>
<subfield code="5">DE-101</subfield>
<subfield code="2">pdager</subfield>
</datafield>
<datafield ind1=" " ind2="7" tag="650">
<subfield code="8">3\p</subfield>
<subfield code="0">(DE-588)4010427-8</subfield>
<subfield code="0">https://d-nb.info/gnd/4010427-8</subfield>
<subfield code="0">(DE-101)040104273</subfield>
<subfield code="a">Comic</subfield>
<subfield code="2">gnd</subfield>
</datafield>
<datafield ind1=" " ind2="7" tag="650">
<subfield code="8">4\p</subfield>
<subfield code="0">(DE-588)4030550-8</subfield>
<subfield code="0">https://d-nb.info/gnd/4030550-8</subfield>
<subfield code="0">(DE-101)040305503</subfield>
<subfield code="a">Kind</subfield>
<subfield code="2">gnd</subfield>
</datafield>
<datafield ind1=" " ind2=" " tag="653">
<subfield code="a">Nachhaltigkeit</subfield>
<subfield code="a">Comic</subfield>
<subfield code="a">Bildung für nachhaltige Entwicklung</subfield>
<subfield code="a">Umweltbezug</subfield>
<subfield code="a">Umweltschutz</subfield>
<subfield code="a">Kultur</subfield>
<subfield code="a">Wissensvermittlung</subfield>
<subfield code="a">Sachbuch</subfield>
<subfield code="a">Mediendidaktik</subfield>
<subfield code="a">Sustainability</subfield>
<subfield code="a">Environmental protection</subfield>
<subfield code="a">Culture</subfield>
<subfield code="a">Media didactics</subfield>
<subfield code="a">Cultural Differences</subfield>
</datafield>
<datafield ind1=" " ind2=" " tag="850">
<subfield code="a">DE-101a</subfield>
</datafield>
<datafield ind1="4" ind2="0" tag="856">
<subfield code="u">https://doi.org/10.25656/01:34561</subfield>
<subfield code="x">Resolving-System</subfield>
</datafield>
<datafield ind1="4" ind2="0" tag="856">
<subfield code="u">https://nbn-resolving.org/urn:nbn:de:0111-pedocs-345616</subfield>
<subfield code="x">Resolving-System</subfield>
</datafield>
<datafield ind1=" " ind2="0" tag="856">
<subfield code="u">https://d-nb.info/1389923266/34</subfield>
<subfield code="x">Langzeitarchivierung Nationalbibliothek</subfield>
</datafield>
<datafield ind1="4" ind2=" " tag="856">
<subfield code="q">text/html</subfield>
<subfield code="u">https://www.pedocs.de/frontdoor.php?source_opus=34561</subfield>
<subfield code="z">kostenfrei</subfield>
</datafield>
<datafield ind1="4" ind2=" " tag="856">
<subfield code="q">application/pdf</subfield>
<subfield code="s">2980.98 kB</subfield>
<subfield code="u">https://www.pedocs.de/volltexte/2026/34561/pdf/Juengst_2025_Protagonist_innen_im_Umweltcomic.pdf</subfield>
<subfield code="z">kostenfrei</subfield>
<subfield code="3">Volltext</subfield>
</datafield>
<datafield ind1="1" ind2=" " tag="883">
<subfield code="8">1\p</subfield>
<subfield code="a">npi</subfield>
<subfield code="d">20260212</subfield>
<subfield code="q">DE-101</subfield>
<subfield code="u">https://d-nb.info/provenance/plan#npi</subfield>
</datafield>
<datafield ind1="1" ind2=" " tag="883">
<subfield code="8">2\p</subfield>
<subfield code="a">npi</subfield>
<subfield code="d">20260212</subfield>
<subfield code="q">DE-101</subfield>
<subfield code="u">https://d-nb.info/provenance/plan#npi</subfield>
</datafield>
<datafield ind1="0" ind2=" " tag="883">
<subfield code="8">3\p</subfield>
<subfield code="a">emagnd</subfield>
<subfield code="c">0,43027</subfield>
<subfield code="d">20260213</subfield>
<subfield code="q">DE-101</subfield>
<subfield code="u">https://d-nb.info/provenance/plan#emagnd</subfield>
</datafield>
<datafield ind1="0" ind2=" " tag="883">
<subfield code="8">4\p</subfield>
<subfield code="a">emagnd</subfield>
<subfield code="c">0,09171</subfield>
<subfield code="d">20260213</subfield>
<subfield code="q">DE-101</subfield>
<subfield code="u">https://d-nb.info/provenance/plan#emagnd</subfield>
</datafield>
<datafield ind1="0" ind2=" " tag="883">
<subfield code="8">5\p</subfield>
<subfield code="a">emasg</subfield>
<subfield code="c">0,59671</subfield>
<subfield code="d">20260213</subfield>
<subfield code="q">DE-101</subfield>
<subfield code="u">https://d-nb.info/provenance/plan#emasg</subfield>
</datafield>
<datafield ind1="r" ind2=" " tag="925">
<subfield code="a">ro</subfield>
<subfield code="a">rb</subfield>
</datafield>
<datafield ind1=" " ind2=" " tag="927">
<subfield code="a">30769201</subfield>
</datafield>
</record>