<record type="Bibliographic" xmlns="http://www.loc.gov/MARC21/slim">
<leader>00000nam a2200000uc 4500</leader>
<controlfield tag="001">1353369552</controlfield>
<controlfield tag="003">DE-101</controlfield>
<controlfield tag="005">20260430074444.0</controlfield>
<controlfield tag="007">cr||||||||||||</controlfield>
<controlfield tag="008">250114s2025    gw |||||o|||| 00||||ger  </controlfield>
<datafield ind1=" " ind2=" " tag="015">
<subfield code="a">25,O02</subfield>
<subfield code="2">dnb</subfield>
</datafield>
<datafield ind1="7" ind2=" " tag="016">
<subfield code="2">DE-101</subfield>
<subfield code="a">1353369552</subfield>
</datafield>
<datafield ind1=" " ind2=" " tag="020">
<subfield code="a">9783111488318</subfield>
<subfield code="9">978-3-11-148831-8</subfield>
</datafield>
<datafield ind1="3" ind2=" " tag="024">
<subfield code="a">9783111488318</subfield>
</datafield>
<datafield ind1="7" ind2=" " tag="024">
<subfield code="a">10.1515/9783111488318</subfield>
<subfield code="2">doi</subfield>
</datafield>
<datafield ind1="7" ind2=" " tag="024">
<subfield code="2">urn</subfield>
<subfield code="a">urn:nbn:de:101:1-2501141546263.712703901015</subfield>
</datafield>
<datafield ind1=" " ind2=" " tag="035">
<subfield code="a">(DE-599)DNB1353369552</subfield>
</datafield>
<datafield ind1=" " ind2=" " tag="035">
<subfield code="a">(OCoLC)1493736087</subfield>
</datafield>
<datafield ind1=" " ind2=" " tag="040">
<subfield code="a">1140</subfield>
<subfield code="b">ger</subfield>
<subfield code="c">DE-101</subfield>
<subfield code="d">9999</subfield>
</datafield>
<datafield ind1=" " ind2=" " tag="041">
<subfield code="8">1\p</subfield>
<subfield code="a">ger</subfield>
</datafield>
<datafield ind1=" " ind2=" " tag="044">
<subfield code="c">XA-DE-BE</subfield>
</datafield>
<datafield ind1="0" ind2="4" tag="082">
<subfield code="8">21\u</subfield>
<subfield code="8">22\p</subfield>
<subfield code="a">741.5357</subfield>
<subfield code="q">DE-101</subfield>
<subfield code="2">23/ger</subfield>
</datafield>
<datafield ind1="7" ind2=" " tag="083">
<subfield code="8">23\p</subfield>
<subfield code="a">720.1</subfield>
<subfield code="q">DE-101</subfield>
<subfield code="2">23kdnb</subfield>
</datafield>
<datafield ind1="7" ind2=" " tag="083">
<subfield code="8">24\p</subfield>
<subfield code="a">741.5</subfield>
<subfield code="a">800</subfield>
<subfield code="q">DE-101</subfield>
<subfield code="2">23sdnb</subfield>
</datafield>
<datafield ind1=" " ind2=" " tag="085">
<subfield code="8">21\u</subfield>
<subfield code="b">741.53</subfield>
</datafield>
<datafield ind1=" " ind2=" " tag="085">
<subfield code="8">21\u</subfield>
<subfield code="z">3C</subfield>
<subfield code="s">357</subfield>
</datafield>
<datafield ind1="0" ind2="0" tag="245">
<subfield code="a">SeitenArchitekturen</subfield>
<subfield code="b">Architektur und Raum im Comic</subfield>
</datafield>
<datafield ind1=" " ind2="4" tag="264">
<subfield code="c">2025</subfield>
</datafield>
<datafield ind1=" " ind2="1" tag="264">
<subfield code="a">Berlin/Boston</subfield>
<subfield code="b">De Gruyter</subfield>
<subfield code="c">2025</subfield>
</datafield>
<datafield ind1=" " ind2="1" tag="264">
<subfield code="b">De Gruyter</subfield>
<subfield code="c">2025</subfield>
</datafield>
<datafield ind1=" " ind2=" " tag="300">
<subfield code="a">Online-Ressource, 8, 390 Seiten</subfield>
<subfield code="b">67 Illustrationen, 27 Illustrationen</subfield>
</datafield>
<datafield ind1=" " ind2=" " tag="336">
<subfield code="a">Text</subfield>
<subfield code="b">txt</subfield>
<subfield code="2">rdacontent</subfield>
</datafield>
<datafield ind1=" " ind2=" " tag="337">
<subfield code="a">Computermedien</subfield>
<subfield code="b">c</subfield>
<subfield code="2">rdamedia</subfield>
</datafield>
<datafield ind1=" " ind2=" " tag="338">
<subfield code="a">Online-Ressource</subfield>
<subfield code="b">cr</subfield>
<subfield code="2">rdacarrier</subfield>
</datafield>
<datafield ind1="1" ind2=" " tag="490">
<subfield code="a">Comicstudien</subfield>
<subfield code="v">4</subfield>
</datafield>
<datafield ind1="0" ind2=" " tag="506">
<subfield code="a">Open Access</subfield>
<subfield code="f">Unrestricted online access</subfield>
<subfield code="u">http://purl.org/coar/access_right/c_abf2</subfield>
<subfield code="2">star</subfield>
</datafield>
<datafield ind1=" " ind2=" " tag="540">
<subfield code="a">Creative Commons 4.0 Attribution</subfield>
<subfield code="u">https://creativecommons.org/licenses/by/4.0</subfield>
</datafield>
<datafield ind1="1" ind2=" " tag="583">
<subfield code="a">Archivierung/Langzeitarchivierung gewährleistet</subfield>
<subfield code="5">DE-101</subfield>
<subfield code="2">pdager</subfield>
</datafield>
<datafield ind1=" " ind2="7" tag="648">
<subfield code="a">Geschichte</subfield>
<subfield code="9">rswk-swf</subfield>
<subfield code="2">gnd</subfield>
</datafield>
<datafield ind1=" " ind2="7" tag="648">
<subfield code="a">Geschichte</subfield>
<subfield code="9">rswk-swf</subfield>
<subfield code="2">gnd</subfield>
</datafield>
<datafield ind1=" " ind2="7" tag="650">
<subfield code="8">4\p</subfield>
<subfield code="0">(DE-588)4010427-8</subfield>
<subfield code="0">https://d-nb.info/gnd/4010427-8</subfield>
<subfield code="0">(DE-101)040104273</subfield>
<subfield code="a">Comic</subfield>
<subfield code="9">rswk-swf</subfield>
<subfield code="2">gnd</subfield>
</datafield>
<datafield ind1=" " ind2="7" tag="650">
<subfield code="8">6\p</subfield>
<subfield code="0">(DE-588)4112586-1</subfield>
<subfield code="0">https://d-nb.info/gnd/4112586-1</subfield>
<subfield code="0">(DE-101)04112586X</subfield>
<subfield code="a">Architektur</subfield>
<subfield code="g">Motiv</subfield>
<subfield code="9">rswk-swf</subfield>
<subfield code="2">gnd</subfield>
</datafield>
<datafield ind1=" " ind2="7" tag="650">
<subfield code="8">8\p</subfield>
<subfield code="0">(DE-588)4225698-7</subfield>
<subfield code="0">https://d-nb.info/gnd/4225698-7</subfield>
<subfield code="0">(DE-101)042256984</subfield>
<subfield code="a">Raum</subfield>
<subfield code="g">Motiv</subfield>
<subfield code="9">rswk-swf</subfield>
<subfield code="2">gnd</subfield>
</datafield>
<datafield ind1=" " ind2="7" tag="650">
<subfield code="8">10\p</subfield>
<subfield code="0">(DE-588)1226859909</subfield>
<subfield code="0">https://d-nb.info/gnd/1226859909</subfield>
<subfield code="0">(DE-101)1226859909</subfield>
<subfield code="a">Panel</subfield>
<subfield code="g">Comic</subfield>
<subfield code="9">rswk-swf</subfield>
<subfield code="2">gnd</subfield>
</datafield>
<datafield ind1=" " ind2="7" tag="650">
<subfield code="8">12\p</subfield>
<subfield code="0">(DE-588)4671374-8</subfield>
<subfield code="0">https://d-nb.info/gnd/4671374-8</subfield>
<subfield code="0">(DE-101)963736043</subfield>
<subfield code="a">Seite</subfield>
<subfield code="9">rswk-swf</subfield>
<subfield code="2">gnd</subfield>
</datafield>
<datafield ind1=" " ind2="7" tag="650">
<subfield code="8">14\p</subfield>
<subfield code="0">(DE-588)4145393-1</subfield>
<subfield code="0">https://d-nb.info/gnd/4145393-1</subfield>
<subfield code="0">(DE-101)04145393X</subfield>
<subfield code="a">Bildaufbau</subfield>
<subfield code="9">rswk-swf</subfield>
<subfield code="2">gnd</subfield>
</datafield>
<datafield ind1=" " ind2="7" tag="650">
<subfield code="8">16\p</subfield>
<subfield code="0">(DE-588)4010427-8</subfield>
<subfield code="0">https://d-nb.info/gnd/4010427-8</subfield>
<subfield code="0">(DE-101)040104273</subfield>
<subfield code="a">Comic</subfield>
<subfield code="2">gnd</subfield>
</datafield>
<datafield ind1=" " ind2="7" tag="650">
<subfield code="8">17\p</subfield>
<subfield code="0">(DE-588)4002851-3</subfield>
<subfield code="0">https://d-nb.info/gnd/4002851-3</subfield>
<subfield code="0">(DE-101)040028518</subfield>
<subfield code="a">Architektur</subfield>
<subfield code="2">gnd</subfield>
</datafield>
<datafield ind1=" " ind2="7" tag="650">
<subfield code="8">18\p</subfield>
<subfield code="0">(DE-588)4048561-4</subfield>
<subfield code="0">https://d-nb.info/gnd/4048561-4</subfield>
<subfield code="0">(DE-101)040485617</subfield>
<subfield code="a">Raum</subfield>
<subfield code="2">gnd</subfield>
</datafield>
<datafield ind1=" " ind2="7" tag="650">
<subfield code="8">19\p</subfield>
<subfield code="0">(DE-588)4112587-3</subfield>
<subfield code="0">https://d-nb.info/gnd/4112587-3</subfield>
<subfield code="0">(DE-101)041125878</subfield>
<subfield code="a">Architekturtheorie</subfield>
<subfield code="2">gnd</subfield>
</datafield>
<datafield ind1=" " ind2="7" tag="650">
<subfield code="8">20\p</subfield>
<subfield code="0">(DE-588)4225698-7</subfield>
<subfield code="0">https://d-nb.info/gnd/4225698-7</subfield>
<subfield code="0">(DE-101)042256984</subfield>
<subfield code="a">Raum</subfield>
<subfield code="g">Motiv</subfield>
<subfield code="2">gnd</subfield>
</datafield>
<datafield ind1=" " ind2=" " tag="653">
<subfield code="a">(Produktform)Digital (delivered electronically)</subfield>
</datafield>
<datafield ind1=" " ind2=" " tag="653">
<subfield code="a">(Produktform (spezifisch))PDF</subfield>
</datafield>
<datafield ind1=" " ind2=" " tag="653">
<subfield code="a">Comicforschung; Comicgeschichte; Raumtheorie; Architektur</subfield>
</datafield>
<datafield ind1=" " ind2=" " tag="653">
<subfield code="a">(BISAC Subject Heading)LIT004130: LIT004130 LITERARY CRITICISM / European / General</subfield>
</datafield>
<datafield ind1=" " ind2=" " tag="653">
<subfield code="a">(BISAC Subject Heading)LIT017000: LIT017000 LITERARY CRITICISM / Comics &amp; Graphic Novels</subfield>
</datafield>
<datafield ind1=" " ind2=" " tag="653">
<subfield code="a">(BIC subject category)DS: Literature: history &amp; criticism</subfield>
</datafield>
<datafield ind1=" " ind2="7" tag="655">
<subfield code="8">2\p</subfield>
<subfield code="0">(DE-588)4143413-4</subfield>
<subfield code="0">https://d-nb.info/gnd/4143413-4</subfield>
<subfield code="0">(DE-101)041434137</subfield>
<subfield code="a">Aufsatzsammlung</subfield>
<subfield code="2">gnd-content</subfield>
</datafield>
<datafield ind1="0" ind2="0" tag="689">
<subfield code="8">5\p</subfield>
<subfield code="0">(DE-588)4010427-8</subfield>
<subfield code="0">https://d-nb.info/gnd/4010427-8</subfield>
<subfield code="0">(DE-101)040104273</subfield>
<subfield code="D">s</subfield>
<subfield code="a">Comic</subfield>
</datafield>
<datafield ind1="0" ind2="1" tag="689">
<subfield code="8">7\p</subfield>
<subfield code="0">(DE-588)4112586-1</subfield>
<subfield code="0">https://d-nb.info/gnd/4112586-1</subfield>
<subfield code="0">(DE-101)04112586X</subfield>
<subfield code="D">s</subfield>
<subfield code="a">Architektur</subfield>
<subfield code="g">Motiv</subfield>
</datafield>
<datafield ind1="0" ind2="2" tag="689">
<subfield code="8">9\p</subfield>
<subfield code="0">(DE-588)4225698-7</subfield>
<subfield code="0">https://d-nb.info/gnd/4225698-7</subfield>
<subfield code="0">(DE-101)042256984</subfield>
<subfield code="D">s</subfield>
<subfield code="a">Raum</subfield>
<subfield code="g">Motiv</subfield>
</datafield>
<datafield ind1="0" ind2="3" tag="689">
<subfield code="A">z</subfield>
<subfield code="a">Geschichte</subfield>
</datafield>
<datafield ind1="0" ind2=" " tag="689">
<subfield code="5">DE-101</subfield>
<subfield code="5">DE-101</subfield>
</datafield>
<datafield ind1="1" ind2="0" tag="689">
<subfield code="8">11\p</subfield>
<subfield code="0">(DE-588)1226859909</subfield>
<subfield code="0">https://d-nb.info/gnd/1226859909</subfield>
<subfield code="0">(DE-101)1226859909</subfield>
<subfield code="D">s</subfield>
<subfield code="a">Panel</subfield>
<subfield code="g">Comic</subfield>
</datafield>
<datafield ind1="1" ind2="1" tag="689">
<subfield code="8">13\p</subfield>
<subfield code="0">(DE-588)4671374-8</subfield>
<subfield code="0">https://d-nb.info/gnd/4671374-8</subfield>
<subfield code="0">(DE-101)963736043</subfield>
<subfield code="D">s</subfield>
<subfield code="a">Seite</subfield>
</datafield>
<datafield ind1="1" ind2="2" tag="689">
<subfield code="8">15\p</subfield>
<subfield code="0">(DE-588)4145393-1</subfield>
<subfield code="0">https://d-nb.info/gnd/4145393-1</subfield>
<subfield code="0">(DE-101)04145393X</subfield>
<subfield code="D">s</subfield>
<subfield code="a">Bildaufbau</subfield>
</datafield>
<datafield ind1="1" ind2="3" tag="689">
<subfield code="A">z</subfield>
<subfield code="a">Geschichte</subfield>
</datafield>
<datafield ind1="1" ind2=" " tag="689">
<subfield code="5">DE-101</subfield>
<subfield code="5">DE-101</subfield>
</datafield>
<datafield ind1="2" ind2=" " tag="710">
<subfield code="8">3\p</subfield>
<subfield code="a">icon Düsseldorf</subfield>
<subfield code="e">Herausgebendes Organ</subfield>
<subfield code="4">isb</subfield>
</datafield>
<datafield ind1="0" ind2="8" tag="776">
<subfield code="i">Erscheint auch als</subfield>
<subfield code="n">Online-Ausgabe</subfield>
<subfield code="z">9783111489063</subfield>
</datafield>
<datafield ind1="0" ind2="8" tag="776">
<subfield code="i">Erscheint auch als</subfield>
<subfield code="n">Druck-Ausgabe</subfield>
<subfield code="z">9783111358079</subfield>
</datafield>
<datafield ind1=" " ind2="0" tag="830">
<subfield code="a">Comicstudien</subfield>
<subfield code="v">4</subfield>
</datafield>
<datafield ind1=" " ind2=" " tag="850">
<subfield code="a">DE-101a</subfield>
<subfield code="a">DE-101b</subfield>
</datafield>
<datafield ind1="4" ind2="0" tag="856">
<subfield code="u">https://doi.org/10.1515/9783111488318</subfield>
<subfield code="x">Resolving-System</subfield>
</datafield>
<datafield ind1="4" ind2="0" tag="856">
<subfield code="u">https://nbn-resolving.org/urn:nbn:de:101:1-2501141546263.712703901015</subfield>
<subfield code="x">Resolving-System</subfield>
</datafield>
<datafield ind1=" " ind2="0" tag="856">
<subfield code="u">https://d-nb.info/1353369552/34</subfield>
<subfield code="x">Langzeitarchivierung Nationalbibliothek</subfield>
</datafield>
<datafield ind1="4" ind2=" " tag="856">
<subfield code="q">application/pdf</subfield>
</datafield>
<datafield ind1="4" ind2=" " tag="856">
<subfield code="u">https://www.degruyter.com/</subfield>
<subfield code="x">Verlag</subfield>
</datafield>
<datafield ind1="4" ind2=" " tag="856">
<subfield code="u">https://www.degruyter.com/isbn/9783111488318</subfield>
<subfield code="x">Verlag</subfield>
</datafield>
<datafield ind1="4" ind2=" " tag="856">
<subfield code="u">https://www.degruyter.com/document/cover/isbn/9783111488318/original</subfield>
<subfield code="x">Verlag</subfield>
</datafield>
<datafield ind1="4" ind2=" " tag="856">
<subfield code="u">https://www.degruyter.com/isbn/9783111488318</subfield>
<subfield code="x">Verlag</subfield>
</datafield>
<datafield ind1="1" ind2=" " tag="883">
<subfield code="8">1\p</subfield>
<subfield code="a">npi</subfield>
<subfield code="d">20250114</subfield>
<subfield code="q">DE-101</subfield>
<subfield code="u">https://d-nb.info/provenance/plan#npi</subfield>
</datafield>
<datafield ind1=" " ind2=" " tag="883">
<subfield code="8">2\p</subfield>
<subfield code="a">dnb-cgwrk</subfield>
<subfield code="d">20260430</subfield>
<subfield code="q">DE-101</subfield>
<subfield code="u">https://d-nb.info/provenance/plan#dnb-cgwrk</subfield>
</datafield>
<datafield ind1="1" ind2=" " tag="883">
<subfield code="8">3\p</subfield>
<subfield code="a">npi</subfield>
<subfield code="d">20250114</subfield>
<subfield code="q">DE-101</subfield>
<subfield code="u">https://d-nb.info/provenance/plan#npi</subfield>
</datafield>
<datafield ind1=" " ind2=" " tag="883">
<subfield code="8">4\p</subfield>
<subfield code="a">dnb-cgwrk</subfield>
<subfield code="d">20260430</subfield>
<subfield code="q">DE-101</subfield>
<subfield code="u">https://d-nb.info/provenance/plan#dnb-cgwrk</subfield>
</datafield>
<datafield ind1=" " ind2=" " tag="883">
<subfield code="8">5\p</subfield>
<subfield code="a">dnb-cgwrk</subfield>
<subfield code="d">20260430</subfield>
<subfield code="q">DE-101</subfield>
<subfield code="u">https://d-nb.info/provenance/plan#dnb-cgwrk</subfield>
</datafield>
<datafield ind1=" " ind2=" " tag="883">
<subfield code="8">6\p</subfield>
<subfield code="a">dnb-cgwrk</subfield>
<subfield code="d">20260430</subfield>
<subfield code="q">DE-101</subfield>
<subfield code="u">https://d-nb.info/provenance/plan#dnb-cgwrk</subfield>
</datafield>
<datafield ind1=" " ind2=" " tag="883">
<subfield code="8">7\p</subfield>
<subfield code="a">dnb-cgwrk</subfield>
<subfield code="d">20260430</subfield>
<subfield code="q">DE-101</subfield>
<subfield code="u">https://d-nb.info/provenance/plan#dnb-cgwrk</subfield>
</datafield>
<datafield ind1=" " ind2=" " tag="883">
<subfield code="8">8\p</subfield>
<subfield code="a">dnb-cgwrk</subfield>
<subfield code="d">20260430</subfield>
<subfield code="q">DE-101</subfield>
<subfield code="u">https://d-nb.info/provenance/plan#dnb-cgwrk</subfield>
</datafield>
<datafield ind1=" " ind2=" " tag="883">
<subfield code="8">9\p</subfield>
<subfield code="a">dnb-cgwrk</subfield>
<subfield code="d">20260430</subfield>
<subfield code="q">DE-101</subfield>
<subfield code="u">https://d-nb.info/provenance/plan#dnb-cgwrk</subfield>
</datafield>
<datafield ind1=" " ind2=" " tag="883">
<subfield code="8">10\p</subfield>
<subfield code="a">dnb-cgwrk</subfield>
<subfield code="d">20260430</subfield>
<subfield code="q">DE-101</subfield>
<subfield code="u">https://d-nb.info/provenance/plan#dnb-cgwrk</subfield>
</datafield>
<datafield ind1=" " ind2=" " tag="883">
<subfield code="8">11\p</subfield>
<subfield code="a">dnb-cgwrk</subfield>
<subfield code="d">20260430</subfield>
<subfield code="q">DE-101</subfield>
<subfield code="u">https://d-nb.info/provenance/plan#dnb-cgwrk</subfield>
</datafield>
<datafield ind1=" " ind2=" " tag="883">
<subfield code="8">12\p</subfield>
<subfield code="a">dnb-cgwrk</subfield>
<subfield code="d">20260430</subfield>
<subfield code="q">DE-101</subfield>
<subfield code="u">https://d-nb.info/provenance/plan#dnb-cgwrk</subfield>
</datafield>
<datafield ind1=" " ind2=" " tag="883">
<subfield code="8">13\p</subfield>
<subfield code="a">dnb-cgwrk</subfield>
<subfield code="d">20260430</subfield>
<subfield code="q">DE-101</subfield>
<subfield code="u">https://d-nb.info/provenance/plan#dnb-cgwrk</subfield>
</datafield>
<datafield ind1=" " ind2=" " tag="883">
<subfield code="8">14\p</subfield>
<subfield code="a">dnb-cgwrk</subfield>
<subfield code="d">20260430</subfield>
<subfield code="q">DE-101</subfield>
<subfield code="u">https://d-nb.info/provenance/plan#dnb-cgwrk</subfield>
</datafield>
<datafield ind1=" " ind2=" " tag="883">
<subfield code="8">15\p</subfield>
<subfield code="a">dnb-cgwrk</subfield>
<subfield code="d">20260430</subfield>
<subfield code="q">DE-101</subfield>
<subfield code="u">https://d-nb.info/provenance/plan#dnb-cgwrk</subfield>
</datafield>
<datafield ind1="0" ind2=" " tag="883">
<subfield code="8">16\p</subfield>
<subfield code="a">emagnd</subfield>
<subfield code="c">0,64527</subfield>
<subfield code="d">20250115</subfield>
<subfield code="q">DE-101</subfield>
<subfield code="u">https://d-nb.info/provenance/plan#emagnd</subfield>
</datafield>
<datafield ind1="0" ind2=" " tag="883">
<subfield code="8">17\p</subfield>
<subfield code="a">emagnd</subfield>
<subfield code="c">0,44878</subfield>
<subfield code="d">20250115</subfield>
<subfield code="q">DE-101</subfield>
<subfield code="u">https://d-nb.info/provenance/plan#emagnd</subfield>
</datafield>
<datafield ind1="0" ind2=" " tag="883">
<subfield code="8">18\p</subfield>
<subfield code="a">emagnd</subfield>
<subfield code="c">0,16419</subfield>
<subfield code="d">20250115</subfield>
<subfield code="q">DE-101</subfield>
<subfield code="u">https://d-nb.info/provenance/plan#emagnd</subfield>
</datafield>
<datafield ind1="0" ind2=" " tag="883">
<subfield code="8">19\p</subfield>
<subfield code="a">emagnd</subfield>
<subfield code="c">0,09646</subfield>
<subfield code="d">20250115</subfield>
<subfield code="q">DE-101</subfield>
<subfield code="u">https://d-nb.info/provenance/plan#emagnd</subfield>
</datafield>
<datafield ind1="0" ind2=" " tag="883">
<subfield code="8">20\p</subfield>
<subfield code="a">emagnd</subfield>
<subfield code="c">0,06080</subfield>
<subfield code="d">20250115</subfield>
<subfield code="q">DE-101</subfield>
<subfield code="u">https://d-nb.info/provenance/plan#emagnd</subfield>
</datafield>
<datafield ind1=" " ind2=" " tag="883">
<subfield code="8">22\p</subfield>
<subfield code="a">dnb-cgwrk</subfield>
<subfield code="d">20260430</subfield>
<subfield code="q">DE-101</subfield>
<subfield code="u">https://d-nb.info/provenance/plan#dnb-cgwrk</subfield>
</datafield>
<datafield ind1="0" ind2=" " tag="883">
<subfield code="8">23\p</subfield>
<subfield code="a">emakn</subfield>
<subfield code="c">0,36451</subfield>
<subfield code="d">20250115</subfield>
<subfield code="q">DE-101</subfield>
<subfield code="u">https://d-nb.info/provenance/plan#emakn</subfield>
</datafield>
<datafield ind1=" " ind2=" " tag="883">
<subfield code="8">24\p</subfield>
<subfield code="a">dnb-cgwrk</subfield>
<subfield code="d">20260430</subfield>
<subfield code="q">DE-101</subfield>
<subfield code="u">https://d-nb.info/provenance/plan#dnb-cgwrk</subfield>
</datafield>
<datafield ind1="r" ind2=" " tag="925">
<subfield code="a">ro</subfield>
<subfield code="a">ra</subfield>
</datafield>
<datafield ind1="2" ind2=" " tag="926">
<subfield code="a">AFFC</subfield>
<subfield code="o">93</subfield>
<subfield code="x">Drawing and drawings in pencil, charcoal, crayon or pastel</subfield>
</datafield>
<datafield ind1="2" ind2=" " tag="926">
<subfield code="a">AM</subfield>
<subfield code="o">93</subfield>
<subfield code="x">Architecture</subfield>
</datafield>
<datafield ind1="2" ind2=" " tag="926">
<subfield code="a">DSK</subfield>
<subfield code="o">93</subfield>
<subfield code="x">Literary studies: fiction, novelists and prose writers</subfield>
</datafield>
<datafield ind1="2" ind2=" " tag="926">
<subfield code="a">XA</subfield>
<subfield code="o">93</subfield>
<subfield code="x">Graphic Novel / Comic / Manga: Stil, Tradition</subfield>
</datafield>
<datafield ind1="2" ind2=" " tag="926">
<subfield code="a">XQ</subfield>
<subfield code="o">93</subfield>
<subfield code="x">Graphic Novel / Comic / Manga: Genres, Gattungen</subfield>
</datafield>
<datafield ind1=" " ind2=" " tag="927">
<subfield code="a">34930692</subfield>
</datafield>
</record>