<record type="Bibliographic" xmlns="http://www.loc.gov/MARC21/slim">
<leader>00000nam a2200000uc 4500</leader>
<controlfield tag="001">1383250073</controlfield>
<controlfield tag="003">DE-101</controlfield>
<controlfield tag="005">20260317230437.0</controlfield>
<controlfield tag="007">cr||||||||||||</controlfield>
<controlfield tag="008">251203s2025    gw |||||o|||| 00||||ger  </controlfield>
<datafield ind1=" " ind2=" " tag="015">
<subfield code="a">26,O01</subfield>
<subfield code="2">dnb</subfield>
</datafield>
<datafield ind1="7" ind2=" " tag="016">
<subfield code="2">DE-101</subfield>
<subfield code="a">1383250073</subfield>
</datafield>
<datafield ind1="7" ind2=" " tag="024">
<subfield code="a">10.25969/mediarep/24296</subfield>
<subfield code="2">doi</subfield>
</datafield>
<datafield ind1="7" ind2=" " tag="024">
<subfield code="2">urn</subfield>
<subfield code="a">urn:nbn:de:101:1-2512030320492.588333873715</subfield>
</datafield>
<datafield ind1=" " ind2=" " tag="035">
<subfield code="a">(DE-599)DNB1383250073</subfield>
</datafield>
<datafield ind1=" " ind2=" " tag="035">
<subfield code="a">(OCoLC)1566939955</subfield>
</datafield>
<datafield ind1=" " ind2=" " tag="040">
<subfield code="a">1140</subfield>
<subfield code="b">ger</subfield>
<subfield code="c">DE-101</subfield>
<subfield code="d">9999</subfield>
</datafield>
<datafield ind1=" " ind2=" " tag="041">
<subfield code="8">1\p</subfield>
<subfield code="a">ger</subfield>
</datafield>
<datafield ind1=" " ind2=" " tag="044">
<subfield code="c">XA-DE-HE</subfield>
</datafield>
<datafield ind1="7" ind2="4" tag="082">
<subfield code="8">8\p</subfield>
<subfield code="a">741.5</subfield>
<subfield code="a">860</subfield>
<subfield code="a">780</subfield>
<subfield code="q">DE-101</subfield>
<subfield code="2">23sdnb</subfield>
</datafield>
<datafield ind1=" " ind2=" " tag="084">
<subfield code="a">800</subfield>
<subfield code="2">ddc</subfield>
</datafield>
<datafield ind1="1" ind2=" " tag="100">
<subfield code="8">3\p</subfield>
<subfield code="0">(DE-588)1236346688</subfield>
<subfield code="0">https://d-nb.info/gnd/1236346688</subfield>
<subfield code="0">(DE-101)1236346688</subfield>
<subfield code="0">(isni)0000000516097852</subfield>
<subfield code="a">Donadon, Lia Roxana</subfield>
<subfield code="d">ca. 20./21. Jh.</subfield>
<subfield code="e">Verfasser</subfield>
<subfield code="4">aut</subfield>
<subfield code="2">gnd</subfield>
</datafield>
<datafield ind1="1" ind2="0" tag="245">
<subfield code="a">Tango und Comic. Zur Kulturpoetik von Discepolín und Quino im Argentinien der década infame und der década rebelde</subfield>
<subfield code="c">Lia Roxana Donadon</subfield>
</datafield>
<datafield ind1=" " ind2="1" tag="264">
<subfield code="a">Marburg</subfield>
<subfield code="b">Philipps-Universität Marburg</subfield>
<subfield code="c">2025</subfield>
</datafield>
<datafield ind1=" " ind2="1" tag="264">
<subfield code="a">Siegen</subfield>
<subfield code="b">Universi – Universitätsverlag Siegen</subfield>
<subfield code="c">2025</subfield>
</datafield>
<datafield ind1=" " ind2=" " tag="300">
<subfield code="a">Online-Ressource</subfield>
</datafield>
<datafield ind1=" " ind2=" " tag="336">
<subfield code="a">Text</subfield>
<subfield code="b">txt</subfield>
<subfield code="2">rdacontent</subfield>
</datafield>
<datafield ind1=" " ind2=" " tag="337">
<subfield code="a">Computermedien</subfield>
<subfield code="b">c</subfield>
<subfield code="2">rdamedia</subfield>
</datafield>
<datafield ind1=" " ind2=" " tag="338">
<subfield code="a">Online-Ressource</subfield>
<subfield code="b">cr</subfield>
<subfield code="2">rdacarrier</subfield>
</datafield>
<datafield ind1=" " ind2=" " tag="500">
<subfield code="a">In: Donadon, Lia Roxana: Tango und Comic. Zur Kulturpoetik von Discepolín und Quino im Argentinien der década infame und der década rebelde. Siegen: Universi – Universitätsverlag Siegen 2025 (SieGN - Siegen Research in Graphic Narrative). DOI: 10.25969/mediarep/24296</subfield>
</datafield>
<datafield ind1="1" ind2=" " tag="583">
<subfield code="a">Archivierung/Langzeitarchivierung gewährleistet</subfield>
<subfield code="5">DE-101</subfield>
<subfield code="2">pdager</subfield>
</datafield>
<datafield ind1=" " ind2="7" tag="650">
<subfield code="8">5\p</subfield>
<subfield code="0">(DE-588)4184397-6</subfield>
<subfield code="0">https://d-nb.info/gnd/4184397-6</subfield>
<subfield code="0">(DE-101)041843975</subfield>
<subfield code="a">Tango</subfield>
<subfield code="2">gnd</subfield>
</datafield>
<datafield ind1=" " ind2="7" tag="650">
<subfield code="8">7\p</subfield>
<subfield code="0">(DE-588)4010427-8</subfield>
<subfield code="0">https://d-nb.info/gnd/4010427-8</subfield>
<subfield code="0">(DE-101)040104273</subfield>
<subfield code="a">Comic</subfield>
<subfield code="2">gnd</subfield>
</datafield>
<datafield ind1=" " ind2="7" tag="651">
<subfield code="8">6\p</subfield>
<subfield code="0">(DE-588)4002890-2</subfield>
<subfield code="0">https://d-nb.info/gnd/4002890-2</subfield>
<subfield code="0">(DE-101)040028909</subfield>
<subfield code="a">Argentinien</subfield>
<subfield code="2">gnd</subfield>
</datafield>
<datafield ind1=" " ind2=" " tag="653">
<subfield code="a">Argentinischer Comic</subfield>
</datafield>
<datafield ind1=" " ind2=" " tag="653">
<subfield code="a">Politischer Humor</subfield>
</datafield>
<datafield ind1=" " ind2=" " tag="653">
<subfield code="a">Kulturelle Praktiken</subfield>
</datafield>
<datafield ind1=" " ind2=" " tag="653">
<subfield code="a">Tangogeschichte</subfield>
</datafield>
<datafield ind1=" " ind2=" " tag="653">
<subfield code="a">Transmedialität</subfield>
</datafield>
<datafield ind1=" " ind2=" " tag="653">
<subfield code="a">Tango-Geschichte</subfield>
</datafield>
<datafield ind1=" " ind2=" " tag="653">
<subfield code="a">Tango-Poeten</subfield>
</datafield>
<datafield ind1=" " ind2=" " tag="653">
<subfield code="a">Comicstrip</subfield>
</datafield>
<datafield ind1=" " ind2=" " tag="653">
<subfield code="a">History of Tango</subfield>
</datafield>
<datafield ind1=" " ind2=" " tag="653">
<subfield code="a">Tango Poets</subfield>
</datafield>
<datafield ind1=" " ind2=" " tag="653">
<subfield code="a">Argentinian Comic</subfield>
</datafield>
<datafield ind1=" " ind2="7" tag="655">
<subfield code="8">2\p</subfield>
<subfield code="0">(DE-588)4113937-9</subfield>
<subfield code="0">https://d-nb.info/gnd/4113937-9</subfield>
<subfield code="0">(DE-101)041139372</subfield>
<subfield code="a">Hochschulschrift</subfield>
<subfield code="2">gnd-content</subfield>
</datafield>
<datafield ind1="2" ind2=" " tag="710">
<subfield code="8">4\p</subfield>
<subfield code="0">(DE-588)1068101598</subfield>
<subfield code="0">https://d-nb.info/gnd/1068101598</subfield>
<subfield code="0">(DE-101)1068101598</subfield>
<subfield code="a">Universität Siegen</subfield>
<subfield code="b">universi - Universitätsverlag Siegen</subfield>
<subfield code="e">Verlag</subfield>
<subfield code="4">pbl</subfield>
<subfield code="2">gnd</subfield>
</datafield>
<datafield ind1="0" ind2="8" tag="776">
<subfield code="i">Erscheint auch als</subfield>
<subfield code="n">Druck-Ausgabe</subfield>
<subfield code="a">Donadon, Lia Roxana, ca. 20./21. Jh.</subfield>
<subfield code="t">20./21. Jh.</subfield>
<subfield code="d">Siegen : universi - Universitätsverlag Siegen, 2025</subfield>
<subfield code="h">477 Seiten, Illustrationen</subfield>
<subfield code="w">(DE-101)1371637911</subfield>
</datafield>
<datafield ind1=" " ind2=" " tag="850">
<subfield code="a">DE-101a</subfield>
</datafield>
<datafield ind1="4" ind2="0" tag="856">
<subfield code="u">https://doi.org/10.25969/mediarep/24296</subfield>
<subfield code="x">Resolving-System</subfield>
</datafield>
<datafield ind1="4" ind2="0" tag="856">
<subfield code="u">https://nbn-resolving.org/urn:nbn:de:101:1-2512030320492.588333873715</subfield>
<subfield code="x">Resolving-System</subfield>
</datafield>
<datafield ind1=" " ind2="0" tag="856">
<subfield code="u">https://d-nb.info/1383250073/34</subfield>
<subfield code="x">Langzeitarchivierung Nationalbibliothek</subfield>
</datafield>
<datafield ind1="4" ind2=" " tag="856">
<subfield code="q">application/pdf</subfield>
<subfield code="u">https://mediarep.org/handle/doc/26303</subfield>
<subfield code="x">Verlag</subfield>
<subfield code="z">kostenfrei</subfield>
</datafield>
<datafield ind1="2" ind2=" " tag="883">
<subfield code="8">1\p</subfield>
<subfield code="a">dnb-pa</subfield>
<subfield code="d">20260317</subfield>
<subfield code="q">DE-101</subfield>
<subfield code="u">https://d-nb.info/provenance/plan#dnb-pa</subfield>
</datafield>
<datafield ind1=" " ind2=" " tag="883">
<subfield code="8">2\p</subfield>
<subfield code="a">dnb-cgwrk</subfield>
<subfield code="d">20260108</subfield>
<subfield code="q">DE-101</subfield>
<subfield code="u">https://d-nb.info/provenance/plan#dnb-cgwrk</subfield>
</datafield>
<datafield ind1=" " ind2=" " tag="883">
<subfield code="8">3\p</subfield>
<subfield code="a">cgwrk-pa</subfield>
<subfield code="d">20251204</subfield>
<subfield code="q">DE-101</subfield>
<subfield code="u">https://d-nb.info/provenance/plan#cgwrk-pa</subfield>
</datafield>
<datafield ind1="1" ind2=" " tag="883">
<subfield code="8">4\p</subfield>
<subfield code="a">adb-pa</subfield>
<subfield code="d">20251204</subfield>
<subfield code="q">DE-101</subfield>
<subfield code="u">https://d-nb.info/provenance/plan#adb-pa</subfield>
</datafield>
<datafield ind1="0" ind2=" " tag="883">
<subfield code="8">5\p</subfield>
<subfield code="a">emagnd</subfield>
<subfield code="c">0,28639</subfield>
<subfield code="d">20251204</subfield>
<subfield code="q">DE-101</subfield>
<subfield code="u">https://d-nb.info/provenance/plan#emagnd</subfield>
</datafield>
<datafield ind1="0" ind2=" " tag="883">
<subfield code="8">6\p</subfield>
<subfield code="a">emagnd</subfield>
<subfield code="c">0,24936</subfield>
<subfield code="d">20251204</subfield>
<subfield code="q">DE-101</subfield>
<subfield code="u">https://d-nb.info/provenance/plan#emagnd</subfield>
</datafield>
<datafield ind1="0" ind2=" " tag="883">
<subfield code="8">7\p</subfield>
<subfield code="a">emagnd</subfield>
<subfield code="c">0,11069</subfield>
<subfield code="d">20251204</subfield>
<subfield code="q">DE-101</subfield>
<subfield code="u">https://d-nb.info/provenance/plan#emagnd</subfield>
</datafield>
<datafield ind1="2" ind2=" " tag="883">
<subfield code="8">8\p</subfield>
<subfield code="a">dnb-pa</subfield>
<subfield code="d">20260317</subfield>
<subfield code="q">DE-101</subfield>
<subfield code="u">https://d-nb.info/provenance/plan#dnb-pa</subfield>
</datafield>
<datafield ind1="r" ind2=" " tag="925">
<subfield code="a">ro</subfield>
<subfield code="a">rb</subfield>
</datafield>
<datafield ind1="1" ind2=" " tag="926">
<subfield code="a">XAB</subfield>
<subfield code="o">93</subfield>
<subfield code="q">Publisher</subfield>
<subfield code="v">1.6</subfield>
<subfield code="x">Graphic Novel</subfield>
</datafield>
<datafield ind1="2" ind2=" " tag="926">
<subfield code="a">XQE</subfield>
<subfield code="o">93</subfield>
<subfield code="q">Publisher</subfield>
<subfield code="v">1.6</subfield>
<subfield code="x">Graphic Novel / Comic / Manga: Gesellschaft / Kultur</subfield>
</datafield>
<datafield ind1="2" ind2=" " tag="926">
<subfield code="a">DS</subfield>
<subfield code="o">93</subfield>
<subfield code="q">Publisher</subfield>
<subfield code="v">1.6</subfield>
<subfield code="x">Literatur: Geschichte und Kritik</subfield>
</datafield>
<datafield ind1=" " ind2=" " tag="927">
<subfield code="a">755499031</subfield>
</datafield>
</record>