<record type="Bibliographic" xmlns="http://www.loc.gov/MARC21/slim">
<leader>00000naa a2200000uc 4500</leader>
<controlfield tag="001">1384698167</controlfield>
<controlfield tag="003">DE-101</controlfield>
<controlfield tag="005">20251219014530.0</controlfield>
<controlfield tag="007">cr||||||||||||</controlfield>
<controlfield tag="008">251218s2025    gw |||||o|||| 00||||eng  </controlfield>
<datafield ind1="7" ind2=" " tag="016">
<subfield code="2">DE-101</subfield>
<subfield code="a">1384698167</subfield>
</datafield>
<datafield ind1="7" ind2=" " tag="024">
<subfield code="a">10.1515/css-2025-0006</subfield>
<subfield code="2">doi</subfield>
</datafield>
<datafield ind1="7" ind2=" " tag="024">
<subfield code="2">urn</subfield>
<subfield code="a">urn:nbn:de:101:1-2512180629342.005711820065</subfield>
</datafield>
<datafield ind1=" " ind2=" " tag="035">
<subfield code="a">(DE-599)DNB1384698167</subfield>
</datafield>
<datafield ind1=" " ind2=" " tag="040">
<subfield code="a">1140</subfield>
<subfield code="b">ger</subfield>
<subfield code="c">DE-101</subfield>
<subfield code="d">6666</subfield>
</datafield>
<datafield ind1=" " ind2=" " tag="041">
<subfield code="8">1\p</subfield>
<subfield code="a">eng</subfield>
</datafield>
<datafield ind1=" " ind2=" " tag="044">
<subfield code="c">XA-DE</subfield>
</datafield>
<datafield ind1="7" ind2="4" tag="082">
<subfield code="8">3\p</subfield>
<subfield code="a">741.5</subfield>
<subfield code="q">DE-101</subfield>
<subfield code="2">23sdnb</subfield>
</datafield>
<datafield ind1="1" ind2=" " tag="100">
<subfield code="8">2\p</subfield>
<subfield code="0">(orcid)0000-0002-1605-7592</subfield>
<subfield code="a">Xu, Zhaoxing</subfield>
<subfield code="e">Verfasser</subfield>
<subfield code="4">aut</subfield>
</datafield>
<datafield ind1="1" ind2="0" tag="245">
<subfield code="a">Translating inter-semiotic paratexts in comics – a comparative study on two Chinese translation versions of Understanding comics: the invisible art</subfield>
</datafield>
<datafield ind1=" " ind2=" " tag="300">
<subfield code="a">Online-Ressource</subfield>
</datafield>
<datafield ind1=" " ind2=" " tag="336">
<subfield code="a">Text</subfield>
<subfield code="b">txt</subfield>
<subfield code="2">rdacontent</subfield>
</datafield>
<datafield ind1=" " ind2=" " tag="337">
<subfield code="a">Computermedien</subfield>
<subfield code="b">c</subfield>
<subfield code="2">rdamedia</subfield>
</datafield>
<datafield ind1=" " ind2=" " tag="338">
<subfield code="a">Online-Ressource</subfield>
<subfield code="b">cr</subfield>
<subfield code="2">rdacarrier</subfield>
</datafield>
<datafield ind1="0" ind2=" " tag="506">
<subfield code="a">Open Access</subfield>
<subfield code="f">Unrestricted online access</subfield>
<subfield code="u">http://purl.org/coar/access_right/c_abf2</subfield>
<subfield code="2">star</subfield>
</datafield>
<datafield ind1=" " ind2=" " tag="520">
<subfield code="a">Abstract: The translation of comics has been widely considered a marginal subfield in translation studies, and so far, there have been a limited number of relevant studies in international scholarship. Standing out as a unique pictorial book, Scott McCloud’s Understanding comics: the invisible art sparkles with its rich and vivid account of the principles and processes of cartoon creations. The book has been translated into two major Chinese versions – one by Hao-Yi Zhu from Taiwan and the other by Min Wan from Mainland China. This paper uses a pragmatic approach to conduct a comparative study of the two Chinese translations by examining the translation strategies employed respectively by Zhu and Wan for rendering the paratexts in the book. It specifically investigates how such differently used translating approaches serve to achieve pragmatic equivalence at lexical, syntactic, and discursive levels. In particular, speech act theory, relevance theory, and intersemiotic translation are reorganized to construct the theoretical foundation for the discourse analysis and reveal some implications from this case study. This is the first research study to investigate two Chinese translation versions of the same English comic book in parallel using a cognitive-pragmatic approach, contributing to translation studies with a new research paradigm.</subfield>
</datafield>
<datafield ind1=" " ind2=" " tag="540">
<subfield code="u">http://creativecommons.org/licenses/by/4.0</subfield>
<subfield code="2">cc</subfield>
</datafield>
<datafield ind1="1" ind2=" " tag="583">
<subfield code="a">Archivierung/Langzeitarchivierung gewährleistet</subfield>
<subfield code="5">DE-101</subfield>
<subfield code="2">pdager</subfield>
</datafield>
<datafield ind1=" " ind2=" " tag="653">
<subfield code="a">discourse analysis</subfield>
</datafield>
<datafield ind1=" " ind2=" " tag="653">
<subfield code="a">intersemiotic translation</subfield>
</datafield>
<datafield ind1=" " ind2=" " tag="653">
<subfield code="a">pragmatic equivalence</subfield>
</datafield>
<datafield ind1=" " ind2=" " tag="653">
<subfield code="a">relevance theory</subfield>
</datafield>
<datafield ind1=" " ind2=" " tag="653">
<subfield code="a">speech act theory</subfield>
</datafield>
<datafield ind1="1" ind2="8" tag="773">
<subfield code="7">|||s</subfield>
<subfield code="g">volume:21</subfield>
<subfield code="g">number:4</subfield>
<subfield code="g">year:2025</subfield>
<subfield code="g">pages:623-643</subfield>
<subfield code="g">extent:21</subfield>
</datafield>
<datafield ind1="0" ind2="8" tag="773">
<subfield code="i">Enthalten in</subfield>
<subfield code="t">Chinese Semiotic Studies</subfield>
<subfield code="d">Berlin ; Boston, Mass. : De @Gruyter, 2009-</subfield>
<subfield code="h">Online-Ressource</subfield>
<subfield code="g">21, Heft 4 (2025), 623-643 (gesamt 21)</subfield>
<subfield code="w">(DE-600)2777988-9</subfield>
<subfield code="w">(DE-101)1053718616</subfield>
<subfield code="x">2198-9613</subfield>
</datafield>
<datafield ind1=" " ind2=" " tag="850">
<subfield code="a">DE-101a</subfield>
</datafield>
<datafield ind1="4" ind2="0" tag="856">
<subfield code="u">https://doi.org/10.1515/css-2025-0006</subfield>
<subfield code="x">Resolving-System</subfield>
</datafield>
<datafield ind1="4" ind2="0" tag="856">
<subfield code="u">https://nbn-resolving.org/urn:nbn:de:101:1-2512180629342.005711820065</subfield>
<subfield code="x">Resolving-System</subfield>
</datafield>
<datafield ind1=" " ind2="0" tag="856">
<subfield code="u">https://d-nb.info/1384698167/34</subfield>
<subfield code="x">Langzeitarchivierung Nationalbibliothek</subfield>
</datafield>
<datafield ind1="1" ind2=" " tag="883">
<subfield code="8">1\p</subfield>
<subfield code="a">npi</subfield>
<subfield code="d">20251218</subfield>
<subfield code="q">DE-101</subfield>
<subfield code="u">https://d-nb.info/provenance/plan#npi</subfield>
</datafield>
<datafield ind1="1" ind2=" " tag="883">
<subfield code="8">2\p</subfield>
<subfield code="a">npi</subfield>
<subfield code="d">20251218</subfield>
<subfield code="q">DE-101</subfield>
<subfield code="u">https://d-nb.info/provenance/plan#npi</subfield>
</datafield>
<datafield ind1="0" ind2=" " tag="883">
<subfield code="8">3\p</subfield>
<subfield code="a">emasg</subfield>
<subfield code="c">0,51395</subfield>
<subfield code="d">20251219</subfield>
<subfield code="q">DE-101</subfield>
<subfield code="u">https://d-nb.info/provenance/plan#emasg</subfield>
</datafield>
<datafield ind1=" " ind2=" " tag="927">
<subfield code="a">34930692</subfield>
</datafield>
</record>