<record type="Bibliographic" xmlns="http://www.loc.gov/MARC21/slim">
<leader>00000naa a2200000uc 4500</leader>
<controlfield tag="001">1395702179</controlfield>
<controlfield tag="003">DE-101</controlfield>
<controlfield tag="005">20260411012535.0</controlfield>
<controlfield tag="007">cr||||||||||||</controlfield>
<controlfield tag="008">260410s2026    gw |||||o|||| 00||||eng  </controlfield>
<datafield ind1="7" ind2=" " tag="016">
<subfield code="2">DE-101</subfield>
<subfield code="a">1395702179</subfield>
</datafield>
<datafield ind1="7" ind2=" " tag="024">
<subfield code="a">10.1515/cat-2025-0035</subfield>
<subfield code="2">doi</subfield>
</datafield>
<datafield ind1="7" ind2=" " tag="024">
<subfield code="2">urn</subfield>
<subfield code="a">urn:nbn:de:101:1-2604100359284.515286530613</subfield>
</datafield>
<datafield ind1=" " ind2=" " tag="035">
<subfield code="a">(DE-599)DNB1395702179</subfield>
</datafield>
<datafield ind1=" " ind2=" " tag="040">
<subfield code="a">1140</subfield>
<subfield code="b">ger</subfield>
<subfield code="c">DE-101</subfield>
<subfield code="d">6666</subfield>
</datafield>
<datafield ind1=" " ind2=" " tag="041">
<subfield code="8">1\p</subfield>
<subfield code="a">eng</subfield>
</datafield>
<datafield ind1=" " ind2=" " tag="044">
<subfield code="c">XA-DE</subfield>
</datafield>
<datafield ind1="7" ind2="4" tag="082">
<subfield code="8">3\p</subfield>
<subfield code="a">741.5</subfield>
<subfield code="q">DE-101</subfield>
<subfield code="2">23sdnb</subfield>
</datafield>
<datafield ind1="1" ind2=" " tag="100">
<subfield code="8">2\p</subfield>
<subfield code="a">Yadav, Neha</subfield>
<subfield code="e">Verfasser</subfield>
<subfield code="4">aut</subfield>
</datafield>
<datafield ind1="1" ind2="0" tag="245">
<subfield code="a">(Mis) Reading the Room: When the United States Government Investigated Comic Books as a Gateway to Juvenile Delinquency</subfield>
</datafield>
<datafield ind1=" " ind2=" " tag="300">
<subfield code="a">Online-Ressource</subfield>
</datafield>
<datafield ind1=" " ind2=" " tag="336">
<subfield code="a">Text</subfield>
<subfield code="b">txt</subfield>
<subfield code="2">rdacontent</subfield>
</datafield>
<datafield ind1=" " ind2=" " tag="337">
<subfield code="a">Computermedien</subfield>
<subfield code="b">c</subfield>
<subfield code="2">rdamedia</subfield>
</datafield>
<datafield ind1=" " ind2=" " tag="338">
<subfield code="a">Online-Ressource</subfield>
<subfield code="b">cr</subfield>
<subfield code="2">rdacarrier</subfield>
</datafield>
<datafield ind1="0" ind2=" " tag="506">
<subfield code="a">Open Access</subfield>
<subfield code="f">Unrestricted online access</subfield>
<subfield code="u">http://purl.org/coar/access_right/c_abf2</subfield>
<subfield code="2">star</subfield>
</datafield>
<datafield ind1=" " ind2=" " tag="520">
<subfield code="a">Abstract: The comic book industry in the United States of America, a juggernaut for two decades since its inception, found itself crumbling in the latter half of the 1950s. Comics historian David Hajdu notes that between 1954 and 1956, more than half the comic books on the newsstands disappeared and the number of titles published dropped from 650 to 250. What happened in the intervening period? A Congressional committee hearing on the relationship between entertainment and horror comics and juvenile delinquency. The transcript of the 1954 US Congressional Committee hearings consists of testimonials from child psychiatrists, newspaper editors, newspaper vendors, comic book publishers and distributors, and even a Member of Parliament from Canada; a repository of relevant editorials and news articles about comic books and their impact on children and teens from the preceding years; studies and comics surveys commissioned by various civic groups. My paper performs a close reading of the 1954 transcript as an archive of contemporary attitudes towards the comic book as a cultural object during a particularly fractious decade. My analysis of the transcript shows how the comic book almost became a Rorschach test for differing vested interests and came to reflect fears and anxieties associated with intersecting strands of emergent phenomena: McCarthyism and cultural censorship; the post-war economic boom; the appearance of teenagers as a distinct demographic category with an attendant teen culture, massive technological advancement within mass media; and accompanying debates around the suitability, advantages, and dangers of said media. The desire for near-absolute control over the content and circulation of comic books, I argue, arose not from a cultural affinity for censorship but out of pervasive paternalistic attitudes towards children’s literature. The hearings exemplify one of the most decisive and influential acts of governmental intervention vis-à-vis national reading habits, setting the context within which comic books are discussed to this day.</subfield>
</datafield>
<datafield ind1=" " ind2=" " tag="540">
<subfield code="u">http://creativecommons.org/licenses/by/4.0</subfield>
<subfield code="2">cc</subfield>
</datafield>
<datafield ind1="1" ind2=" " tag="583">
<subfield code="a">Archivierung/Langzeitarchivierung gewährleistet</subfield>
<subfield code="5">DE-101</subfield>
<subfield code="2">pdager</subfield>
</datafield>
<datafield ind1=" " ind2=" " tag="653">
<subfield code="a">comic books</subfield>
</datafield>
<datafield ind1=" " ind2=" " tag="653">
<subfield code="a">anti-comics</subfield>
</datafield>
<datafield ind1=" " ind2=" " tag="653">
<subfield code="a">Frederic Wertham</subfield>
</datafield>
<datafield ind1=" " ind2=" " tag="653">
<subfield code="a">congressional hearings</subfield>
</datafield>
<datafield ind1="1" ind2="8" tag="773">
<subfield code="7">|||s</subfield>
<subfield code="g">volume:3</subfield>
<subfield code="g">number:1</subfield>
<subfield code="g">year:2025</subfield>
<subfield code="g">pages:71-89</subfield>
<subfield code="g">extent:19</subfield>
</datafield>
<datafield ind1="0" ind2="8" tag="773">
<subfield code="i">Enthalten in</subfield>
<subfield code="t">Culture as text</subfield>
<subfield code="d">Berlin : De Gruyter, [2023]-</subfield>
<subfield code="h">Online-Ressource</subfield>
<subfield code="g">3, Heft 1 (2025), 71-89 (gesamt 19)</subfield>
<subfield code="w">(DE-600)3101269-3</subfield>
<subfield code="w">(DE-101)1246017334</subfield>
<subfield code="x">2750-2562</subfield>
</datafield>
<datafield ind1=" " ind2=" " tag="850">
<subfield code="a">DE-101a</subfield>
</datafield>
<datafield ind1="4" ind2="0" tag="856">
<subfield code="u">https://doi.org/10.1515/cat-2025-0035</subfield>
<subfield code="x">Resolving-System</subfield>
</datafield>
<datafield ind1="4" ind2="0" tag="856">
<subfield code="u">https://nbn-resolving.org/urn:nbn:de:101:1-2604100359284.515286530613</subfield>
<subfield code="x">Resolving-System</subfield>
</datafield>
<datafield ind1=" " ind2="0" tag="856">
<subfield code="u">https://d-nb.info/1395702179/34</subfield>
<subfield code="x">Langzeitarchivierung Nationalbibliothek</subfield>
</datafield>
<datafield ind1="1" ind2=" " tag="883">
<subfield code="8">1\p</subfield>
<subfield code="a">npi</subfield>
<subfield code="d">20260410</subfield>
<subfield code="q">DE-101</subfield>
<subfield code="u">https://d-nb.info/provenance/plan#npi</subfield>
</datafield>
<datafield ind1="1" ind2=" " tag="883">
<subfield code="8">2\p</subfield>
<subfield code="a">npi</subfield>
<subfield code="d">20260410</subfield>
<subfield code="q">DE-101</subfield>
<subfield code="u">https://d-nb.info/provenance/plan#npi</subfield>
</datafield>
<datafield ind1="0" ind2=" " tag="883">
<subfield code="8">3\p</subfield>
<subfield code="a">emasg</subfield>
<subfield code="c">0,40871</subfield>
<subfield code="d">20260411</subfield>
<subfield code="q">DE-101</subfield>
<subfield code="u">https://d-nb.info/provenance/plan#emasg</subfield>
</datafield>
<datafield ind1=" " ind2=" " tag="927">
<subfield code="a">34930692</subfield>
</datafield>
</record>