<record type="Bibliographic" xmlns="http://www.loc.gov/MARC21/slim">
<leader>00000nam a2200000uc 4500</leader>
<controlfield tag="001">1328769593</controlfield>
<controlfield tag="003">DE-101</controlfield>
<controlfield tag="005">20260330170450.0</controlfield>
<controlfield tag="007">cr||||||||||||</controlfield>
<controlfield tag="008">240509s2024    gw |||||o|||| 00||||ger  </controlfield>
<datafield ind1=" " ind2=" " tag="015">
<subfield code="a">24,O06</subfield>
<subfield code="2">dnb</subfield>
</datafield>
<datafield ind1="7" ind2=" " tag="016">
<subfield code="2">DE-101</subfield>
<subfield code="a">1328769593</subfield>
</datafield>
<datafield ind1="7" ind2=" " tag="024">
<subfield code="2">urn</subfield>
<subfield code="a">urn:nbn:de:hbz:38-727483</subfield>
</datafield>
<datafield ind1=" " ind2=" " tag="035">
<subfield code="a">(DE-599)DNB1328769593</subfield>
</datafield>
<datafield ind1=" " ind2=" " tag="035">
<subfield code="a">(OCoLC)1437750461</subfield>
</datafield>
<datafield ind1=" " ind2=" " tag="040">
<subfield code="a">1140</subfield>
<subfield code="b">ger</subfield>
<subfield code="c">DE-101</subfield>
<subfield code="d">9999</subfield>
</datafield>
<datafield ind1=" " ind2=" " tag="041">
<subfield code="8">1\p</subfield>
<subfield code="a">ger</subfield>
</datafield>
<datafield ind1=" " ind2=" " tag="044">
<subfield code="c">XA-DE-NW</subfield>
</datafield>
<datafield ind1="7" ind2="4" tag="082">
<subfield code="8">10\p</subfield>
<subfield code="a">741.5</subfield>
<subfield code="q">DE-101</subfield>
<subfield code="2">23sdnb</subfield>
</datafield>
<datafield ind1="1" ind2=" " tag="100">
<subfield code="8">3\p</subfield>
<subfield code="0">(DE-588)1341087034</subfield>
<subfield code="0">https://d-nb.info/gnd/1341087034</subfield>
<subfield code="0">(DE-101)1341087034</subfield>
<subfield code="a">Reumont, Frederik von</subfield>
<subfield code="e">Verfasser</subfield>
<subfield code="4">aut</subfield>
<subfield code="2">gnd</subfield>
</datafield>
<datafield ind1="1" ind2="0" tag="245">
<subfield code="a">Auf der Spur der Menschen vor 80.000 Jahren</subfield>
<subfield code="c">Frederik von Reumont, Marine Simon, Ute Dieckmann, Ralf Vogelsang, Felix Henselowsky, Alexandra Budke, Frank Schabitz</subfield>
</datafield>
<datafield ind1=" " ind2="1" tag="264">
<subfield code="a">Köln</subfield>
<subfield code="b">Universitäts- und Stadtbibliothek Köln</subfield>
<subfield code="c">2024</subfield>
</datafield>
<datafield ind1=" " ind2=" " tag="300">
<subfield code="a">Online-Ressource</subfield>
</datafield>
<datafield ind1=" " ind2=" " tag="336">
<subfield code="a">Text</subfield>
<subfield code="b">txt</subfield>
<subfield code="2">rdacontent</subfield>
</datafield>
<datafield ind1=" " ind2=" " tag="337">
<subfield code="a">Computermedien</subfield>
<subfield code="b">c</subfield>
<subfield code="2">rdamedia</subfield>
</datafield>
<datafield ind1=" " ind2=" " tag="338">
<subfield code="a">Online-Ressource</subfield>
<subfield code="b">cr</subfield>
<subfield code="2">rdacarrier</subfield>
</datafield>
<datafield ind1="1" ind2=" " tag="583">
<subfield code="a">Archivierung/Langzeitarchivierung gewährleistet</subfield>
<subfield code="5">DE-101</subfield>
<subfield code="2">pdager</subfield>
</datafield>
<datafield ind1=" " ind2=" " tag="653">
<subfield code="a">Geographie, Comic, Archäologie, Ethnologie, Steinzeit, Klima, Klimawandel. Paläoklima, Graphic Novel, Migration, Mensch, Menschheitsgeschichte</subfield>
</datafield>
<datafield ind1=" " ind2=" " tag="653">
<subfield code="a">(BISAC Subject Heading)CGN007040</subfield>
</datafield>
<datafield ind1=" " ind2=" " tag="653">
<subfield code="a">(BISAC Subject Heading)SOC007000</subfield>
</datafield>
<datafield ind1=" " ind2=" " tag="653">
<subfield code="a">(BISAC Subject Heading)SCI030000</subfield>
</datafield>
<datafield ind1=" " ind2=" " tag="653">
<subfield code="a">(BISAC Subject Heading)SOC003000</subfield>
</datafield>
<datafield ind1=" " ind2=" " tag="653">
<subfield code="a">Geographie</subfield>
</datafield>
<datafield ind1=" " ind2=" " tag="653">
<subfield code="a">Geografie</subfield>
</datafield>
<datafield ind1=" " ind2=" " tag="653">
<subfield code="a">Ethnologie</subfield>
</datafield>
<datafield ind1=" " ind2=" " tag="653">
<subfield code="a">Archäologie</subfield>
</datafield>
<datafield ind1=" " ind2=" " tag="653">
<subfield code="a">Migration</subfield>
</datafield>
<datafield ind1=" " ind2=" " tag="653">
<subfield code="a">Klima</subfield>
</datafield>
<datafield ind1=" " ind2=" " tag="653">
<subfield code="a">Comic</subfield>
</datafield>
<datafield ind1=" " ind2=" " tag="653">
<subfield code="a">Graphic Novel</subfield>
</datafield>
<datafield ind1=" " ind2=" " tag="653">
<subfield code="a">Sachcomic</subfield>
</datafield>
<datafield ind1=" " ind2=" " tag="653">
<subfield code="a">Wanderungsbewegungen</subfield>
</datafield>
<datafield ind1=" " ind2="7" tag="655">
<subfield code="8">2\p</subfield>
<subfield code="0">(DE-588)4010427-8</subfield>
<subfield code="0">https://d-nb.info/gnd/4010427-8</subfield>
<subfield code="0">(DE-101)040104273</subfield>
<subfield code="a">Comic</subfield>
<subfield code="2">gnd-content</subfield>
</datafield>
<datafield ind1="1" ind2=" " tag="700">
<subfield code="8">4\p</subfield>
<subfield code="0">(DE-588)1241791864</subfield>
<subfield code="0">https://d-nb.info/gnd/1241791864</subfield>
<subfield code="0">(DE-101)1241791864</subfield>
<subfield code="a">Simon, Marine</subfield>
<subfield code="d">1993-</subfield>
<subfield code="e">Verfasser</subfield>
<subfield code="4">aut</subfield>
<subfield code="2">gnd</subfield>
</datafield>
<datafield ind1="1" ind2=" " tag="700">
<subfield code="8">5\p</subfield>
<subfield code="0">(DE-588)1232674966</subfield>
<subfield code="0">https://d-nb.info/gnd/1232674966</subfield>
<subfield code="0">(DE-101)1232674966</subfield>
<subfield code="a">Dieckmann, Ute</subfield>
<subfield code="d">ca. 1975-</subfield>
<subfield code="e">Verfasser</subfield>
<subfield code="4">aut</subfield>
<subfield code="2">gnd</subfield>
</datafield>
<datafield ind1="1" ind2=" " tag="700">
<subfield code="8">6\p</subfield>
<subfield code="0">(DE-588)1232222267</subfield>
<subfield code="0">https://d-nb.info/gnd/1232222267</subfield>
<subfield code="0">(DE-101)1232222267</subfield>
<subfield code="a">Vogelsang, Ralf</subfield>
<subfield code="e">Verfasser</subfield>
<subfield code="4">aut</subfield>
<subfield code="2">gnd</subfield>
</datafield>
<datafield ind1="1" ind2=" " tag="700">
<subfield code="8">7\p</subfield>
<subfield code="0">(DE-588)113645120X</subfield>
<subfield code="0">https://d-nb.info/gnd/113645120X</subfield>
<subfield code="0">(DE-101)113645120X</subfield>
<subfield code="a">Henselowsky, Felix</subfield>
<subfield code="e">Verfasser</subfield>
<subfield code="4">aut</subfield>
<subfield code="2">gnd</subfield>
</datafield>
<datafield ind1="1" ind2=" " tag="700">
<subfield code="8">8\p</subfield>
<subfield code="0">(DE-588)124609724</subfield>
<subfield code="0">https://d-nb.info/gnd/124609724</subfield>
<subfield code="0">(DE-101)124609724</subfield>
<subfield code="a">Budke, Alexandra</subfield>
<subfield code="d">1972-</subfield>
<subfield code="e">Verfasser</subfield>
<subfield code="4">aut</subfield>
<subfield code="2">gnd</subfield>
</datafield>
<datafield ind1="1" ind2=" " tag="700">
<subfield code="8">9\p</subfield>
<subfield code="0">(DE-588)1056705159</subfield>
<subfield code="0">https://d-nb.info/gnd/1056705159</subfield>
<subfield code="0">(DE-101)1056705159</subfield>
<subfield code="a">Schäbitz, Frank</subfield>
<subfield code="d">1956-</subfield>
<subfield code="e">Verfasser</subfield>
<subfield code="4">aut</subfield>
<subfield code="2">gnd</subfield>
</datafield>
<datafield ind1="0" ind2="8" tag="776">
<subfield code="i">Weitere Ausg.</subfield>
<subfield code="z">9783496017028</subfield>
</datafield>
<datafield ind1=" " ind2=" " tag="850">
<subfield code="a">DE-101a</subfield>
<subfield code="a">DE-101b</subfield>
</datafield>
<datafield ind1="4" ind2="0" tag="856">
<subfield code="u">https://nbn-resolving.org/urn:nbn:de:hbz:38-727483</subfield>
<subfield code="x">Resolving-System</subfield>
</datafield>
<datafield ind1=" " ind2="0" tag="856">
<subfield code="u">https://d-nb.info/1328769593/34</subfield>
<subfield code="x">Langzeitarchivierung Nationalbibliothek</subfield>
</datafield>
<datafield ind1="4" ind2=" " tag="856">
<subfield code="q">application/pdf</subfield>
<subfield code="u">http://kups.ub.uni-koeln.de/id/eprint/72748</subfield>
<subfield code="x">Verlag</subfield>
<subfield code="z">kostenfrei</subfield>
</datafield>
<datafield ind1="1" ind2=" " tag="883">
<subfield code="8">1\p</subfield>
<subfield code="a">npi</subfield>
<subfield code="d">20240509</subfield>
<subfield code="q">DE-101</subfield>
<subfield code="u">https://d-nb.info/provenance/plan#npi</subfield>
</datafield>
<datafield ind1="2" ind2=" " tag="883">
<subfield code="8">2\p</subfield>
<subfield code="a">dnb-pa</subfield>
<subfield code="d">20250320</subfield>
<subfield code="q">DE-101</subfield>
<subfield code="u">https://d-nb.info/provenance/plan#dnb-pa</subfield>
</datafield>
<datafield ind1="0" ind2=" " tag="883">
<subfield code="8">3\p</subfield>
<subfield code="a">ptc001</subfield>
<subfield code="d">20250611</subfield>
<subfield code="q">DE-101</subfield>
<subfield code="u">https://d-nb.info/provenance/plan#ptc001</subfield>
</datafield>
<datafield ind1=" " ind2=" " tag="883">
<subfield code="8">4\p</subfield>
<subfield code="a">cgwrk-pa</subfield>
<subfield code="d">20250320</subfield>
<subfield code="q">DE-101</subfield>
<subfield code="u">https://d-nb.info/provenance/plan#cgwrk-pa</subfield>
</datafield>
<datafield ind1=" " ind2=" " tag="883">
<subfield code="8">5\p</subfield>
<subfield code="a">cgwrk-pa</subfield>
<subfield code="d">20250320</subfield>
<subfield code="q">DE-101</subfield>
<subfield code="u">https://d-nb.info/provenance/plan#cgwrk-pa</subfield>
</datafield>
<datafield ind1=" " ind2=" " tag="883">
<subfield code="8">6\p</subfield>
<subfield code="a">cgwrk-pa</subfield>
<subfield code="d">20250320</subfield>
<subfield code="q">DE-101</subfield>
<subfield code="u">https://d-nb.info/provenance/plan#cgwrk-pa</subfield>
</datafield>
<datafield ind1="0" ind2=" " tag="883">
<subfield code="8">7\p</subfield>
<subfield code="a">ptc002</subfield>
<subfield code="d">20260117</subfield>
<subfield code="q">DE-101</subfield>
<subfield code="u">https://d-nb.info/provenance/plan#ptc002</subfield>
</datafield>
<datafield ind1=" " ind2=" " tag="883">
<subfield code="8">8\p</subfield>
<subfield code="a">cgwrk-pa</subfield>
<subfield code="d">20250320</subfield>
<subfield code="q">DE-101</subfield>
<subfield code="u">https://d-nb.info/provenance/plan#cgwrk-pa</subfield>
</datafield>
<datafield ind1=" " ind2=" " tag="883">
<subfield code="8">9\p</subfield>
<subfield code="a">cgwrk-pa</subfield>
<subfield code="d">20250320</subfield>
<subfield code="q">DE-101</subfield>
<subfield code="u">https://d-nb.info/provenance/plan#cgwrk-pa</subfield>
</datafield>
<datafield ind1="2" ind2=" " tag="883">
<subfield code="8">10\p</subfield>
<subfield code="a">dnb-pa</subfield>
<subfield code="d">20250320</subfield>
<subfield code="q">DE-101</subfield>
<subfield code="u">https://d-nb.info/provenance/plan#dnb-pa</subfield>
</datafield>
<datafield ind1="r" ind2=" " tag="925">
<subfield code="a">ro</subfield>
<subfield code="a">rb</subfield>
</datafield>
<datafield ind1="1" ind2=" " tag="926">
<subfield code="a">RGCG</subfield>
<subfield code="o">93</subfield>
<subfield code="q">Publisher</subfield>
<subfield code="v">1.5</subfield>
<subfield code="x">Bevölkerung und Migrationsgeographie</subfield>
</datafield>
<datafield ind1="2" ind2=" " tag="926">
<subfield code="a">XAB</subfield>
<subfield code="o">93</subfield>
<subfield code="q">Publisher</subfield>
<subfield code="v">1.5</subfield>
<subfield code="x">Graphic Novel</subfield>
</datafield>
<datafield ind1="2" ind2=" " tag="926">
<subfield code="a">XQA</subfield>
<subfield code="o">93</subfield>
<subfield code="q">Publisher</subfield>
<subfield code="v">1.5</subfield>
<subfield code="x">Graphic Novel / Comic / Manga: Memoiren, wahre Geschichten und Sachliteratur</subfield>
</datafield>
<datafield ind1="2" ind2=" " tag="926">
<subfield code="a">RGBG</subfield>
<subfield code="o">93</subfield>
<subfield code="q">Publisher</subfield>
<subfield code="v">1.5</subfield>
<subfield code="x">Flüsse &amp; Seen</subfield>
</datafield>
<datafield ind1="2" ind2=" " tag="926">
<subfield code="a">NK</subfield>
<subfield code="o">93</subfield>
<subfield code="q">Publisher</subfield>
<subfield code="v">1.5</subfield>
<subfield code="x">Archäologie</subfield>
</datafield>
<datafield ind1="2" ind2=" " tag="926">
<subfield code="a">JBFH</subfield>
<subfield code="o">93</subfield>
<subfield code="q">Publisher</subfield>
<subfield code="v">1.5</subfield>
<subfield code="x">Migration, Einwanderung und Auswanderung</subfield>
</datafield>
<datafield ind1="2" ind2=" " tag="926">
<subfield code="a">JHMC</subfield>
<subfield code="o">93</subfield>
<subfield code="q">Publisher</subfield>
<subfield code="v">1.5</subfield>
<subfield code="x">Sozial- und Kulturanthropologie, Ethnographie</subfield>
</datafield>
<datafield ind1="2" ind2=" " tag="926">
<subfield code="a">3BDF</subfield>
<subfield code="o">96</subfield>
<subfield code="q">Publisher</subfield>
<subfield code="v">1.5</subfield>
<subfield code="x">Steinzeit: Altsteinzeit</subfield>
</datafield>
<datafield ind1=" " ind2=" " tag="927">
<subfield code="a">30998529</subfield>
</datafield>
</record>