<record type="Bibliographic" xmlns="http://www.loc.gov/MARC21/slim">
<leader>00000nam a2200000uc 4500</leader>
<controlfield tag="001">1341694038</controlfield>
<controlfield tag="003">DE-101</controlfield>
<controlfield tag="005">20251208074308.0</controlfield>
<controlfield tag="007">cr||||||||||||</controlfield>
<controlfield tag="008">240911s2024    gw |||||o|||| 00||||ger  </controlfield>
<datafield ind1=" " ind2=" " tag="015">
<subfield code="a">24,O10</subfield>
<subfield code="2">dnb</subfield>
</datafield>
<datafield ind1="7" ind2=" " tag="016">
<subfield code="2">DE-101</subfield>
<subfield code="a">1341694038</subfield>
</datafield>
<datafield ind1=" " ind2=" " tag="020">
<subfield code="a">9783110799385</subfield>
<subfield code="9">978-3-11-079938-5</subfield>
</datafield>
<datafield ind1="3" ind2=" " tag="024">
<subfield code="a">9783110799385</subfield>
</datafield>
<datafield ind1="7" ind2=" " tag="024">
<subfield code="a">10.1515/9783110799385</subfield>
<subfield code="2">doi</subfield>
</datafield>
<datafield ind1="7" ind2=" " tag="024">
<subfield code="2">urn</subfield>
<subfield code="a">urn:nbn:de:101:1-2409111701187.941082093633</subfield>
</datafield>
<datafield ind1=" " ind2=" " tag="035">
<subfield code="a">(DE-599)DNB1341694038</subfield>
</datafield>
<datafield ind1=" " ind2=" " tag="035">
<subfield code="a">(OCoLC)1459729892</subfield>
</datafield>
<datafield ind1=" " ind2=" " tag="040">
<subfield code="a">1140</subfield>
<subfield code="b">ger</subfield>
<subfield code="c">DE-101</subfield>
<subfield code="d">1150</subfield>
</datafield>
<datafield ind1=" " ind2=" " tag="041">
<subfield code="8">1\p</subfield>
<subfield code="a">ger</subfield>
</datafield>
<datafield ind1=" " ind2=" " tag="044">
<subfield code="c">XA-DE-BE</subfield>
</datafield>
<datafield ind1="0" ind2="4" tag="082">
<subfield code="8">17\u</subfield>
<subfield code="8">18\p</subfield>
<subfield code="a">741.555</subfield>
<subfield code="q">DE-101</subfield>
<subfield code="2">23/ger</subfield>
</datafield>
<datafield ind1="7" ind2=" " tag="083">
<subfield code="8">19\p</subfield>
<subfield code="a">741.5</subfield>
<subfield code="q">DE-101</subfield>
<subfield code="2">23sdnb</subfield>
</datafield>
<datafield ind1=" " ind2=" " tag="085">
<subfield code="8">17\u</subfield>
<subfield code="b">741.5</subfield>
</datafield>
<datafield ind1=" " ind2=" " tag="085">
<subfield code="8">17\u</subfield>
<subfield code="z">3C</subfield>
<subfield code="s">355</subfield>
</datafield>
<datafield ind1="0" ind2="0" tag="245">
<subfield code="a">Comics und Intersektionalität</subfield>
</datafield>
<datafield ind1=" " ind2="4" tag="264">
<subfield code="c">2024</subfield>
</datafield>
<datafield ind1=" " ind2="1" tag="264">
<subfield code="a">Berlin/Boston</subfield>
<subfield code="b">De Gruyter</subfield>
<subfield code="c">2024</subfield>
</datafield>
<datafield ind1=" " ind2="1" tag="264">
<subfield code="b">De Gruyter</subfield>
<subfield code="c">2024</subfield>
</datafield>
<datafield ind1=" " ind2=" " tag="300">
<subfield code="a">1 Online-Ressource, 7, 337 Seiten</subfield>
<subfield code="b">62 Illustrationen, 20 Illustrationen</subfield>
</datafield>
<datafield ind1=" " ind2=" " tag="336">
<subfield code="a">Text</subfield>
<subfield code="b">txt</subfield>
<subfield code="2">rdacontent</subfield>
</datafield>
<datafield ind1=" " ind2=" " tag="337">
<subfield code="a">Computermedien</subfield>
<subfield code="b">c</subfield>
<subfield code="2">rdamedia</subfield>
</datafield>
<datafield ind1=" " ind2=" " tag="338">
<subfield code="a">Online-Ressource</subfield>
<subfield code="b">cr</subfield>
<subfield code="2">rdacarrier</subfield>
</datafield>
<datafield ind1="1" ind2=" " tag="490">
<subfield code="a">Comicstudien</subfield>
<subfield code="v">3</subfield>
</datafield>
<datafield ind1="0" ind2=" " tag="506">
<subfield code="a">Open Access</subfield>
<subfield code="f">Unrestricted online access</subfield>
<subfield code="u">http://purl.org/coar/access_right/c_abf2</subfield>
<subfield code="2">star</subfield>
</datafield>
<datafield ind1=" " ind2=" " tag="540">
<subfield code="a">Creative Commons 4.0 Attribution-NonCommercial-NoDerivs</subfield>
<subfield code="u">https://creativecommons.org/licenses/by-nc-nd/4.0</subfield>
</datafield>
<datafield ind1="1" ind2=" " tag="583">
<subfield code="a">Archivierung/Langzeitarchivierung gewährleistet</subfield>
<subfield code="5">DE-101</subfield>
<subfield code="2">pdager</subfield>
</datafield>
<datafield ind1=" " ind2="7" tag="648">
<subfield code="a">Geschichte</subfield>
<subfield code="9">rswk-swf</subfield>
<subfield code="2">gnd</subfield>
</datafield>
<datafield ind1=" " ind2="7" tag="650">
<subfield code="8">8\p</subfield>
<subfield code="0">(DE-588)4010427-8</subfield>
<subfield code="0">https://d-nb.info/gnd/4010427-8</subfield>
<subfield code="0">(DE-101)040104273</subfield>
<subfield code="a">Comic</subfield>
<subfield code="9">rswk-swf</subfield>
<subfield code="2">gnd</subfield>
</datafield>
<datafield ind1=" " ind2="7" tag="650">
<subfield code="8">10\p</subfield>
<subfield code="0">(DE-588)7729679-5</subfield>
<subfield code="0">https://d-nb.info/gnd/7729679-5</subfield>
<subfield code="0">(DE-101)100929847X</subfield>
<subfield code="a">Intersektionalität</subfield>
<subfield code="9">rswk-swf</subfield>
<subfield code="2">gnd</subfield>
</datafield>
<datafield ind1=" " ind2="7" tag="650">
<subfield code="8">12\p</subfield>
<subfield code="0">(DE-588)4221365-4</subfield>
<subfield code="0">https://d-nb.info/gnd/4221365-4</subfield>
<subfield code="0">(DE-101)042213657</subfield>
<subfield code="a">Ungleichheit</subfield>
<subfield code="g">Motiv</subfield>
<subfield code="9">rswk-swf</subfield>
<subfield code="2">gnd</subfield>
</datafield>
<datafield ind1=" " ind2="7" tag="650">
<subfield code="8">14\p</subfield>
<subfield code="0">(DE-588)7729679-5</subfield>
<subfield code="0">https://d-nb.info/gnd/7729679-5</subfield>
<subfield code="0">(DE-101)100929847X</subfield>
<subfield code="a">Intersektionalität</subfield>
<subfield code="2">gnd</subfield>
</datafield>
<datafield ind1=" " ind2="7" tag="650">
<subfield code="8">15\p</subfield>
<subfield code="0">(DE-588)4010427-8</subfield>
<subfield code="0">https://d-nb.info/gnd/4010427-8</subfield>
<subfield code="0">(DE-101)040104273</subfield>
<subfield code="a">Comic</subfield>
<subfield code="2">gnd</subfield>
</datafield>
<datafield ind1=" " ind2="7" tag="650">
<subfield code="8">16\p</subfield>
<subfield code="0">(DE-588)4035964-5</subfield>
<subfield code="0">https://d-nb.info/gnd/4035964-5</subfield>
<subfield code="0">(DE-101)040359646</subfield>
<subfield code="a">Literatur</subfield>
<subfield code="2">gnd</subfield>
</datafield>
<datafield ind1=" " ind2=" " tag="653">
<subfield code="a">(Produktform)Digital (delivered electronically)</subfield>
</datafield>
<datafield ind1=" " ind2=" " tag="653">
<subfield code="a">(Produktform (spezifisch))PDF</subfield>
</datafield>
<datafield ind1=" " ind2=" " tag="653">
<subfield code="a">Ungleichheitsverhältnisse; Intermedialität; Identitätspolitik; Diskursive Verschränkung</subfield>
<subfield code="a">Inequality; intermediality; identity politics; discursive entanglements</subfield>
</datafield>
<datafield ind1=" " ind2=" " tag="653">
<subfield code="a">(BISAC Subject Heading)LIT004130: LIT004130 LITERARY CRITICISM / European / General</subfield>
</datafield>
<datafield ind1=" " ind2=" " tag="653">
<subfield code="a">(BISAC Subject Heading)LIT017000: LIT017000 LITERARY CRITICISM / Comics &amp; Graphic Novels</subfield>
</datafield>
<datafield ind1=" " ind2=" " tag="653">
<subfield code="a">(BISAC Subject Heading)SOC022000: SOC022000 SOCIAL SCIENCE / Popular Culture</subfield>
</datafield>
<datafield ind1=" " ind2=" " tag="653">
<subfield code="a">(BISAC Subject Heading)SOC052000: SOC052000 SOCIAL SCIENCE / Media Studies</subfield>
</datafield>
<datafield ind1=" " ind2=" " tag="653">
<subfield code="a">(BIC subject category)DS: Literature: history &amp; criticism</subfield>
</datafield>
<datafield ind1=" " ind2=" " tag="653">
<subfield code="a">(Zielgruppe)Fachpublikum/ Wissenschaft</subfield>
</datafield>
<datafield ind1=" " ind2=" " tag="653">
<subfield code="a">(BISAC Subject Heading)LIT004130</subfield>
</datafield>
<datafield ind1=" " ind2=" " tag="653">
<subfield code="a">(BIC subject category)DSB: Literary studies: general</subfield>
</datafield>
<datafield ind1=" " ind2=" " tag="653">
<subfield code="a">(BIC subject category)JFCA: Popular culture</subfield>
</datafield>
<datafield ind1=" " ind2=" " tag="653">
<subfield code="a">(BIC subject category)JFD: Media studies</subfield>
</datafield>
<datafield ind1=" " ind2=" " tag="653">
<subfield code="a">Ungleichheitsverhältnisse</subfield>
</datafield>
<datafield ind1=" " ind2=" " tag="653">
<subfield code="a">Intermedialität</subfield>
</datafield>
<datafield ind1=" " ind2=" " tag="653">
<subfield code="a">Identitätspolitik</subfield>
</datafield>
<datafield ind1=" " ind2=" " tag="653">
<subfield code="a">Diskursive Verschränkung</subfield>
</datafield>
<datafield ind1=" " ind2=" " tag="653">
<subfield code="a">Inequality</subfield>
</datafield>
<datafield ind1=" " ind2=" " tag="653">
<subfield code="a">intermediality</subfield>
</datafield>
<datafield ind1=" " ind2=" " tag="653">
<subfield code="a">identity politics</subfield>
</datafield>
<datafield ind1=" " ind2=" " tag="653">
<subfield code="a">discursive entanglements</subfield>
</datafield>
<datafield ind1=" " ind2=" " tag="653">
<subfield code="a">Comic</subfield>
</datafield>
<datafield ind1=" " ind2=" " tag="653">
<subfield code="a">Intersektionalität</subfield>
</datafield>
<datafield ind1=" " ind2=" " tag="653">
<subfield code="a">Identität</subfield>
</datafield>
<datafield ind1=" " ind2="7" tag="655">
<subfield code="8">2\p</subfield>
<subfield code="0">(DE-588)1071861417</subfield>
<subfield code="0">https://d-nb.info/gnd/1071861417</subfield>
<subfield code="0">(DE-101)1071861417</subfield>
<subfield code="a">Konferenzschrift</subfield>
<subfield code="y">2021</subfield>
<subfield code="z">Hannover</subfield>
<subfield code="2">gnd-content</subfield>
</datafield>
<datafield ind1="0" ind2="0" tag="689">
<subfield code="8">9\p</subfield>
<subfield code="0">(DE-588)4010427-8</subfield>
<subfield code="0">https://d-nb.info/gnd/4010427-8</subfield>
<subfield code="0">(DE-101)040104273</subfield>
<subfield code="D">s</subfield>
<subfield code="a">Comic</subfield>
</datafield>
<datafield ind1="0" ind2="1" tag="689">
<subfield code="8">11\p</subfield>
<subfield code="0">(DE-588)7729679-5</subfield>
<subfield code="0">https://d-nb.info/gnd/7729679-5</subfield>
<subfield code="0">(DE-101)100929847X</subfield>
<subfield code="D">s</subfield>
<subfield code="a">Intersektionalität</subfield>
</datafield>
<datafield ind1="0" ind2="2" tag="689">
<subfield code="8">13\p</subfield>
<subfield code="0">(DE-588)4221365-4</subfield>
<subfield code="0">https://d-nb.info/gnd/4221365-4</subfield>
<subfield code="0">(DE-101)042213657</subfield>
<subfield code="D">s</subfield>
<subfield code="a">Ungleichheit</subfield>
<subfield code="g">Motiv</subfield>
</datafield>
<datafield ind1="0" ind2="3" tag="689">
<subfield code="A">z</subfield>
<subfield code="a">Geschichte</subfield>
</datafield>
<datafield ind1="0" ind2=" " tag="689">
<subfield code="5">DE-101</subfield>
<subfield code="5">DE-101</subfield>
</datafield>
<datafield ind1="1" ind2=" " tag="700">
<subfield code="8">3\p</subfield>
<subfield code="0">(DE-588)1348307102</subfield>
<subfield code="0">https://d-nb.info/gnd/1348307102</subfield>
<subfield code="0">(DE-101)1348307102</subfield>
<subfield code="a">Beckmann, Anna</subfield>
<subfield code="e">Herausgeber</subfield>
<subfield code="4">edt</subfield>
<subfield code="2">gnd</subfield>
</datafield>
<datafield ind1="1" ind2=" " tag="700">
<subfield code="8">4\p</subfield>
<subfield code="0">(DE-588)1076402089</subfield>
<subfield code="0">https://d-nb.info/gnd/1076402089</subfield>
<subfield code="0">(DE-101)1076402089</subfield>
<subfield code="a">Kupczyńska, Kalina</subfield>
<subfield code="e">Herausgeber</subfield>
<subfield code="4">edt</subfield>
<subfield code="2">gnd</subfield>
</datafield>
<datafield ind1="1" ind2=" " tag="700">
<subfield code="8">5\p</subfield>
<subfield code="0">(DE-588)1125658924</subfield>
<subfield code="0">https://d-nb.info/gnd/1125658924</subfield>
<subfield code="0">(DE-101)1125658924</subfield>
<subfield code="a">Schröer, Marie</subfield>
<subfield code="d">1983-</subfield>
<subfield code="e">Herausgeber</subfield>
<subfield code="4">edt</subfield>
<subfield code="2">gnd</subfield>
</datafield>
<datafield ind1="1" ind2=" " tag="700">
<subfield code="8">6\p</subfield>
<subfield code="0">(DE-588)1014773768</subfield>
<subfield code="0">https://d-nb.info/gnd/1014773768</subfield>
<subfield code="0">(DE-101)1014773768</subfield>
<subfield code="a">Sina, Véronique</subfield>
<subfield code="d">1979-</subfield>
<subfield code="e">Herausgeber</subfield>
<subfield code="4">edt</subfield>
<subfield code="2">gnd</subfield>
</datafield>
<datafield ind1="2" ind2=" " tag="710">
<subfield code="8">7\p</subfield>
<subfield code="0">(DE-588)10095502-2</subfield>
<subfield code="0">https://d-nb.info/gnd/10095502-2</subfield>
<subfield code="0">(DE-101)973837799</subfield>
<subfield code="a">Walter de Gruyter GmbH &amp; Co. KG</subfield>
<subfield code="e">Verlag</subfield>
<subfield code="4">pbl</subfield>
<subfield code="2">gnd</subfield>
</datafield>
<datafield ind1="0" ind2="8" tag="776">
<subfield code="i">Erscheint auch als</subfield>
<subfield code="n">Online-Ausgabe</subfield>
<subfield code="z">9783110799453</subfield>
</datafield>
<datafield ind1="0" ind2="8" tag="776">
<subfield code="i">Erscheint auch als</subfield>
<subfield code="n">Druck-Ausgabe</subfield>
<subfield code="t">Comics und Intersektionalität</subfield>
<subfield code="d">Berlin : De Gruyter, [2024]</subfield>
<subfield code="h">VII, 337 Seiten, Illustrationen</subfield>
<subfield code="w">(DE-101)1327616890</subfield>
</datafield>
<datafield ind1=" " ind2="0" tag="830">
<subfield code="a">Comicstudien</subfield>
<subfield code="v">3</subfield>
</datafield>
<datafield ind1=" " ind2=" " tag="850">
<subfield code="a">DE-101a</subfield>
<subfield code="a">DE-101b</subfield>
</datafield>
<datafield ind1="4" ind2="0" tag="856">
<subfield code="u">https://doi.org/10.1515/9783110799385</subfield>
<subfield code="x">Resolving-System</subfield>
</datafield>
<datafield ind1="4" ind2="0" tag="856">
<subfield code="u">https://nbn-resolving.org/urn:nbn:de:101:1-2409111701187.941082093633</subfield>
<subfield code="x">Resolving-System</subfield>
</datafield>
<datafield ind1=" " ind2="0" tag="856">
<subfield code="u">https://d-nb.info/1341694038/34</subfield>
<subfield code="x">Langzeitarchivierung Nationalbibliothek</subfield>
</datafield>
<datafield ind1="4" ind2=" " tag="856">
<subfield code="q">application/pdf</subfield>
</datafield>
<datafield ind1="4" ind2=" " tag="856">
<subfield code="u">https://www.degruyter.com/</subfield>
<subfield code="x">Verlag</subfield>
</datafield>
<datafield ind1="4" ind2=" " tag="856">
<subfield code="u">https://www.degruyter.com/isbn/9783110799385</subfield>
<subfield code="x">Verlag</subfield>
</datafield>
<datafield ind1="4" ind2=" " tag="856">
<subfield code="u">https://www.degruyter.com/document/cover/isbn/9783110799385/original</subfield>
<subfield code="x">Verlag</subfield>
</datafield>
<datafield ind1="4" ind2=" " tag="856">
<subfield code="u">https://www.degruyter.com/isbn/9783110799385</subfield>
<subfield code="x">Verlag</subfield>
</datafield>
<datafield ind1="2" ind2=" " tag="883">
<subfield code="8">1\p</subfield>
<subfield code="a">dnb-pa</subfield>
<subfield code="d">20240916</subfield>
<subfield code="q">DE-101</subfield>
<subfield code="u">https://d-nb.info/provenance/plan#dnb-pa</subfield>
</datafield>
<datafield ind1="2" ind2=" " tag="883">
<subfield code="8">2\p</subfield>
<subfield code="a">dnb-pa</subfield>
<subfield code="d">20250402</subfield>
<subfield code="q">DE-101</subfield>
<subfield code="u">https://d-nb.info/provenance/plan#dnb-pa</subfield>
</datafield>
<datafield ind1=" " ind2=" " tag="883">
<subfield code="8">3\p</subfield>
<subfield code="a">cgwrk</subfield>
<subfield code="d">20241116</subfield>
<subfield code="q">DE-101</subfield>
<subfield code="u">https://d-nb.info/provenance/plan#cgwrk</subfield>
</datafield>
<datafield ind1=" " ind2=" " tag="883">
<subfield code="8">4\p</subfield>
<subfield code="a">cgwrk-pa</subfield>
<subfield code="d">20240912</subfield>
<subfield code="q">DE-101</subfield>
<subfield code="u">https://d-nb.info/provenance/plan#cgwrk-pa</subfield>
</datafield>
<datafield ind1=" " ind2=" " tag="883">
<subfield code="8">5\p</subfield>
<subfield code="a">cgwrk</subfield>
<subfield code="d">20240912</subfield>
<subfield code="q">DE-101</subfield>
<subfield code="u">https://d-nb.info/provenance/plan#cgwrk</subfield>
</datafield>
<datafield ind1=" " ind2=" " tag="883">
<subfield code="8">6\p</subfield>
<subfield code="a">cgwrk-pa</subfield>
<subfield code="d">20240912</subfield>
<subfield code="q">DE-101</subfield>
<subfield code="u">https://d-nb.info/provenance/plan#cgwrk-pa</subfield>
</datafield>
<datafield ind1="1" ind2=" " tag="883">
<subfield code="8">7\p</subfield>
<subfield code="a">adb-pa</subfield>
<subfield code="d">20240912</subfield>
<subfield code="q">DE-101</subfield>
<subfield code="u">https://d-nb.info/provenance/plan#adb-pa</subfield>
</datafield>
<datafield ind1="2" ind2=" " tag="883">
<subfield code="8">8\p</subfield>
<subfield code="a">dnb-pa</subfield>
<subfield code="d">20250402</subfield>
<subfield code="q">DE-101</subfield>
<subfield code="u">https://d-nb.info/provenance/plan#dnb-pa</subfield>
</datafield>
<datafield ind1="2" ind2=" " tag="883">
<subfield code="8">9\p</subfield>
<subfield code="a">dnb-pa</subfield>
<subfield code="d">20250402</subfield>
<subfield code="q">DE-101</subfield>
<subfield code="u">https://d-nb.info/provenance/plan#dnb-pa</subfield>
</datafield>
<datafield ind1="2" ind2=" " tag="883">
<subfield code="8">10\p</subfield>
<subfield code="a">dnb-pa</subfield>
<subfield code="d">20250402</subfield>
<subfield code="q">DE-101</subfield>
<subfield code="u">https://d-nb.info/provenance/plan#dnb-pa</subfield>
</datafield>
<datafield ind1="2" ind2=" " tag="883">
<subfield code="8">11\p</subfield>
<subfield code="a">dnb-pa</subfield>
<subfield code="d">20250402</subfield>
<subfield code="q">DE-101</subfield>
<subfield code="u">https://d-nb.info/provenance/plan#dnb-pa</subfield>
</datafield>
<datafield ind1="2" ind2=" " tag="883">
<subfield code="8">12\p</subfield>
<subfield code="a">dnb-pa</subfield>
<subfield code="d">20250402</subfield>
<subfield code="q">DE-101</subfield>
<subfield code="u">https://d-nb.info/provenance/plan#dnb-pa</subfield>
</datafield>
<datafield ind1="2" ind2=" " tag="883">
<subfield code="8">13\p</subfield>
<subfield code="a">dnb-pa</subfield>
<subfield code="d">20250402</subfield>
<subfield code="q">DE-101</subfield>
<subfield code="u">https://d-nb.info/provenance/plan#dnb-pa</subfield>
</datafield>
<datafield ind1="0" ind2=" " tag="883">
<subfield code="8">14\p</subfield>
<subfield code="a">emagnd</subfield>
<subfield code="c">0,68654</subfield>
<subfield code="d">20240912</subfield>
<subfield code="q">DE-101</subfield>
<subfield code="u">https://d-nb.info/provenance/plan#emagnd</subfield>
</datafield>
<datafield ind1="0" ind2=" " tag="883">
<subfield code="8">15\p</subfield>
<subfield code="a">emagnd</subfield>
<subfield code="c">0,58464</subfield>
<subfield code="d">20240912</subfield>
<subfield code="q">DE-101</subfield>
<subfield code="u">https://d-nb.info/provenance/plan#emagnd</subfield>
</datafield>
<datafield ind1="0" ind2=" " tag="883">
<subfield code="8">16\p</subfield>
<subfield code="a">emagnd</subfield>
<subfield code="c">0,04111</subfield>
<subfield code="d">20240912</subfield>
<subfield code="q">DE-101</subfield>
<subfield code="u">https://d-nb.info/provenance/plan#emagnd</subfield>
</datafield>
<datafield ind1="2" ind2=" " tag="883">
<subfield code="8">18\p</subfield>
<subfield code="a">dnb-pa</subfield>
<subfield code="d">20250402</subfield>
<subfield code="q">DE-101</subfield>
<subfield code="u">https://d-nb.info/provenance/plan#dnb-pa</subfield>
</datafield>
<datafield ind1="2" ind2=" " tag="883">
<subfield code="8">19\p</subfield>
<subfield code="a">dnb-pa</subfield>
<subfield code="d">20250402</subfield>
<subfield code="q">DE-101</subfield>
<subfield code="u">https://d-nb.info/provenance/plan#dnb-pa</subfield>
</datafield>
<datafield ind1="r" ind2=" " tag="925">
<subfield code="a">ro</subfield>
<subfield code="a">ra</subfield>
</datafield>
<datafield ind1="2" ind2=" " tag="926">
<subfield code="a">5PM</subfield>
<subfield code="o">98</subfield>
<subfield code="x">Bezug zu Menschen mit sichtbaren oder verborgenen Behinderungen oder Beeinträchtigungen</subfield>
</datafield>
<datafield ind1="2" ind2=" " tag="926">
<subfield code="a">5PS</subfield>
<subfield code="o">98</subfield>
<subfield code="x">Relating to LGBTQ+ people</subfield>
</datafield>
<datafield ind1="2" ind2=" " tag="926">
<subfield code="a">5PT</subfield>
<subfield code="o">98</subfield>
<subfield code="x">Bezug zu trans / transgender Personen oder sexuellen und geschlechtlichen Minderheiten</subfield>
</datafield>
<datafield ind1="2" ind2=" " tag="926">
<subfield code="a">JBFA</subfield>
<subfield code="o">93</subfield>
<subfield code="x">Social discrimination and social justice</subfield>
</datafield>
<datafield ind1="2" ind2=" " tag="926">
<subfield code="a">X</subfield>
<subfield code="o">93</subfield>
<subfield code="x">Graphic Novel / Comic / Manga / Cartoon</subfield>
</datafield>
<datafield ind1=" " ind2=" " tag="927">
<subfield code="a">34930692</subfield>
</datafield>
</record>