<record type="Bibliographic" xmlns="http://www.loc.gov/MARC21/slim">
<leader>00000nam a2200000uc 4500</leader>
<controlfield tag="001">1325915874</controlfield>
<controlfield tag="003">DE-101</controlfield>
<controlfield tag="005">20240508230452.0</controlfield>
<controlfield tag="007">cr||||||||||||</controlfield>
<controlfield tag="008">240412s2024    gw |||||o|||| 00||||eng  </controlfield>
<datafield ind1=" " ind2=" " tag="015">
<subfield code="a">24,O05</subfield>
<subfield code="2">dnb</subfield>
</datafield>
<datafield ind1="7" ind2=" " tag="016">
<subfield code="2">DE-101</subfield>
<subfield code="a">1325915874</subfield>
</datafield>
<datafield ind1="7" ind2=" " tag="024">
<subfield code="a">10.1163/9789004513150_019</subfield>
<subfield code="2">doi</subfield>
</datafield>
<datafield ind1="7" ind2=" " tag="024">
<subfield code="2">urn</subfield>
<subfield code="a">urn:nbn:de:hebis:30:3-710651</subfield>
</datafield>
<datafield ind1=" " ind2=" " tag="035">
<subfield code="a">(DE-599)DNB1325915874</subfield>
</datafield>
<datafield ind1=" " ind2=" " tag="035">
<subfield code="a">(OCoLC)1432974954</subfield>
</datafield>
<datafield ind1=" " ind2=" " tag="040">
<subfield code="a">1240</subfield>
<subfield code="b">ger</subfield>
<subfield code="c">DE-101</subfield>
<subfield code="d">9999</subfield>
</datafield>
<datafield ind1=" " ind2=" " tag="041">
<subfield code="8">1\p</subfield>
<subfield code="a">eng</subfield>
</datafield>
<datafield ind1=" " ind2=" " tag="044">
<subfield code="c">XA-DE-HE</subfield>
</datafield>
<datafield ind1="7" ind2="4" tag="082">
<subfield code="8">3\p</subfield>
<subfield code="a">741.5</subfield>
<subfield code="q">DE-101</subfield>
<subfield code="2">23sdnb</subfield>
</datafield>
<datafield ind1="1" ind2=" " tag="100">
<subfield code="8">2\p</subfield>
<subfield code="0">(DE-588)131665294</subfield>
<subfield code="0">https://d-nb.info/gnd/131665294</subfield>
<subfield code="0">(DE-101)131665294</subfield>
<subfield code="a">Hermann, Christine</subfield>
<subfield code="d">1977-</subfield>
<subfield code="e">Verfasser</subfield>
<subfield code="4">aut</subfield>
<subfield code="2">gnd</subfield>
</datafield>
<datafield ind1="1" ind2="0" tag="245">
<subfield code="a">National images in visual narratives : the (re)presentation of national characters in the Flemish comic series "Suske en Wiske"</subfield>
<subfield code="c">Christine Hermann</subfield>
</datafield>
<datafield ind1=" " ind2="1" tag="264">
<subfield code="a">Frankfurt am Main</subfield>
<subfield code="b">Universitätsbibliothek Johann Christian Senckenberg</subfield>
<subfield code="c">2024</subfield>
</datafield>
<datafield ind1=" " ind2=" " tag="300">
<subfield code="a">Online-Ressource</subfield>
</datafield>
<datafield ind1=" " ind2=" " tag="336">
<subfield code="a">Text</subfield>
<subfield code="b">txt</subfield>
<subfield code="2">rdacontent</subfield>
</datafield>
<datafield ind1=" " ind2=" " tag="337">
<subfield code="a">Computermedien</subfield>
<subfield code="b">c</subfield>
<subfield code="2">rdamedia</subfield>
</datafield>
<datafield ind1=" " ind2=" " tag="338">
<subfield code="a">Online-Ressource</subfield>
<subfield code="b">cr</subfield>
<subfield code="2">rdacarrier</subfield>
</datafield>
<datafield ind1=" " ind2=" " tag="500">
<subfield code="a">In: New perspectives on imagology / edited by Katharina Edtstadler, Sandra Folie and Gianna Zocco ; Studia Imagologica ; 30 . Leiden ; Boston : Brill, 2022, ISBN 978-90-04-51315-0, ISSN 0927-4065, S. 349-369</subfield>
</datafield>
<datafield ind1="1" ind2=" " tag="583">
<subfield code="a">Archivierung/Langzeitarchivierung gewährleistet</subfield>
<subfield code="5">DE-101</subfield>
<subfield code="2">pdager</subfield>
</datafield>
<datafield ind1=" " ind2="7" tag="650">
<subfield code="a">Comic</subfield>
<subfield code="2">gnd</subfield>
</datafield>
<datafield ind1=" " ind2="7" tag="650">
<subfield code="a">Belgien</subfield>
<subfield code="2">gnd</subfield>
</datafield>
<datafield ind1=" " ind2="7" tag="650">
<subfield code="a">Flämisch</subfield>
<subfield code="2">gnd</subfield>
</datafield>
<datafield ind1=" " ind2="7" tag="650">
<subfield code="a">Stereotyp</subfield>
<subfield code="2">gnd</subfield>
</datafield>
<datafield ind1=" " ind2="7" tag="650">
<subfield code="a">Fremdbild</subfield>
<subfield code="2">gnd</subfield>
</datafield>
<datafield ind1=" " ind2="7" tag="650">
<subfield code="a">Selbstbild</subfield>
<subfield code="2">gnd</subfield>
</datafield>
<datafield ind1=" " ind2="7" tag="650">
<subfield code="a">Ostblock</subfield>
<subfield code="2">gnd</subfield>
</datafield>
<datafield ind1=" " ind2="7" tag="650">
<subfield code="a">Chinabild</subfield>
<subfield code="2">gnd</subfield>
</datafield>
<datafield ind1=" " ind2="7" tag="650">
<subfield code="a">Japanbild</subfield>
<subfield code="2">gnd</subfield>
</datafield>
<datafield ind1=" " ind2=" " tag="653">
<subfield code="a">Suske en Wiske</subfield>
</datafield>
<datafield ind1=" " ind2=" " tag="653">
<subfield code="a">Comic studies</subfield>
</datafield>
<datafield ind1=" " ind2=" " tag="653">
<subfield code="a">Flemish comics</subfield>
</datafield>
<datafield ind1=" " ind2=" " tag="653">
<subfield code="a">National stereotypes</subfield>
</datafield>
<datafield ind1=" " ind2=" " tag="653">
<subfield code="a">Auto-image</subfield>
</datafield>
<datafield ind1=" " ind2=" " tag="653">
<subfield code="a">Hetero-image</subfield>
</datafield>
<datafield ind1=" " ind2=" " tag="850">
<subfield code="a">DE-101a</subfield>
<subfield code="a">DE-101b</subfield>
</datafield>
<datafield ind1="4" ind2="0" tag="856">
<subfield code="u">https://doi.org/10.1163/9789004513150_019</subfield>
<subfield code="x">Resolving-System</subfield>
</datafield>
<datafield ind1="4" ind2="0" tag="856">
<subfield code="u">https://nbn-resolving.org/urn:nbn:de:hebis:30:3-710651</subfield>
<subfield code="x">Resolving-System</subfield>
</datafield>
<datafield ind1=" " ind2="0" tag="856">
<subfield code="u">https://d-nb.info/1325915874/34</subfield>
<subfield code="x">Langzeitarchivierung Nationalbibliothek</subfield>
</datafield>
<datafield ind1="4" ind2=" " tag="856">
<subfield code="q">application/pdf</subfield>
<subfield code="u">https://brill.com/downloadpdf/book/9789004513150/BP000028.pdf</subfield>
<subfield code="x">Verlag</subfield>
<subfield code="z">kostenfrei</subfield>
</datafield>
<datafield ind1="4" ind2=" " tag="856">
<subfield code="u">http://publikationen.ub.uni-frankfurt.de/frontdoor/index/index/docId/71065</subfield>
<subfield code="x">Verlag</subfield>
<subfield code="z">kostenfrei</subfield>
</datafield>
<datafield ind1="1" ind2=" " tag="883">
<subfield code="8">1\p</subfield>
<subfield code="a">npi</subfield>
<subfield code="d">20240412</subfield>
<subfield code="q">DE-101</subfield>
<subfield code="u">https://d-nb.info/provenance/plan#npi</subfield>
</datafield>
<datafield ind1="1" ind2=" " tag="883">
<subfield code="8">2\p</subfield>
<subfield code="a">npi</subfield>
<subfield code="d">20240412</subfield>
<subfield code="q">DE-101</subfield>
<subfield code="u">https://d-nb.info/provenance/plan#npi</subfield>
</datafield>
<datafield ind1="0" ind2=" " tag="883">
<subfield code="8">3\p</subfield>
<subfield code="a">emasg</subfield>
<subfield code="c">0,42010</subfield>
<subfield code="d">20240413</subfield>
<subfield code="q">DE-101</subfield>
<subfield code="u">https://d-nb.info/provenance/plan#emasg</subfield>
</datafield>
<datafield ind1="r" ind2=" " tag="925">
<subfield code="a">ro</subfield>
<subfield code="a">rb</subfield>
</datafield>
<datafield ind1=" " ind2=" " tag="927">
<subfield code="a">159383553</subfield>
</datafield>
</record>