<record type="Bibliographic" xmlns="http://www.loc.gov/MARC21/slim">
<leader>00000nam a2200000uc 4500</leader>
<controlfield tag="001">1350456713</controlfield>
<controlfield tag="003">DE-101</controlfield>
<controlfield tag="005">20251223125453.0</controlfield>
<controlfield tag="007">cr||||||||||||</controlfield>
<controlfield tag="008">241206s2024    gw |||||om||| 00||||eng  </controlfield>
<datafield ind1=" " ind2=" " tag="015">
<subfield code="a">25,O01</subfield>
<subfield code="2">dnb</subfield>
</datafield>
<datafield ind1="7" ind2=" " tag="016">
<subfield code="2">DE-101</subfield>
<subfield code="a">1350456713</subfield>
</datafield>
<datafield ind1=" " ind2=" " tag="020">
<subfield code="a">9783969293539</subfield>
<subfield code="9">978-3-96929-353-9</subfield>
</datafield>
<datafield ind1="7" ind2=" " tag="024">
<subfield code="a">10.11588/propylaeum.1447</subfield>
<subfield code="2">doi</subfield>
</datafield>
<datafield ind1="7" ind2=" " tag="024">
<subfield code="2">urn</subfield>
<subfield code="a">urn:nbn:de:bsz:16-propylaeum-ebook-1447-8</subfield>
</datafield>
<datafield ind1=" " ind2=" " tag="035">
<subfield code="a">(DE-599)DNB1350456713</subfield>
</datafield>
<datafield ind1=" " ind2=" " tag="035">
<subfield code="a">(OCoLC)1474009540</subfield>
</datafield>
<datafield ind1=" " ind2=" " tag="040">
<subfield code="a">1240</subfield>
<subfield code="b">ger</subfield>
<subfield code="c">DE-101</subfield>
<subfield code="d">1150</subfield>
</datafield>
<datafield ind1=" " ind2=" " tag="041">
<subfield code="8">1\p</subfield>
<subfield code="a">eng</subfield>
</datafield>
<datafield ind1=" " ind2=" " tag="044">
<subfield code="c">XA-DE-BW</subfield>
</datafield>
<datafield ind1="0" ind2="4" tag="082">
<subfield code="8">16\u</subfield>
<subfield code="8">17\p</subfield>
<subfield code="a">873.01</subfield>
<subfield code="q">DE-101</subfield>
<subfield code="2">23/ger</subfield>
</datafield>
<datafield ind1="7" ind2=" " tag="083">
<subfield code="8">18\p</subfield>
<subfield code="a">870</subfield>
<subfield code="q">DE-101</subfield>
<subfield code="2">23sdnb</subfield>
</datafield>
<datafield ind1=" " ind2=" " tag="085">
<subfield code="8">16\u</subfield>
<subfield code="b">873</subfield>
</datafield>
<datafield ind1="1" ind2=" " tag="100">
<subfield code="8">3\p</subfield>
<subfield code="0">(DE-588)1354987640</subfield>
<subfield code="0">https://d-nb.info/gnd/1354987640</subfield>
<subfield code="0">(DE-101)1354987640</subfield>
<subfield code="a">Löbcke, Konrad</subfield>
<subfield code="e">Verfasser</subfield>
<subfield code="4">aut</subfield>
<subfield code="2">gnd</subfield>
</datafield>
<datafield ind1="1" ind2="0" tag="245">
<subfield code="a">Sexual Rivalry in Petronius’ Satyrica</subfield>
<subfield code="b">A Study on Comic Elements and Narrative Technique</subfield>
<subfield code="c">Konrad Löbcke</subfield>
</datafield>
<datafield ind1=" " ind2="1" tag="264">
<subfield code="a">Heidelberg</subfield>
<subfield code="b">Propylaeum</subfield>
<subfield code="c">2024</subfield>
</datafield>
<datafield ind1=" " ind2=" " tag="300">
<subfield code="a">Online-Ressource</subfield>
</datafield>
<datafield ind1=" " ind2=" " tag="336">
<subfield code="a">Text</subfield>
<subfield code="b">txt</subfield>
<subfield code="2">rdacontent</subfield>
</datafield>
<datafield ind1=" " ind2=" " tag="337">
<subfield code="a">Computermedien</subfield>
<subfield code="b">c</subfield>
<subfield code="2">rdamedia</subfield>
</datafield>
<datafield ind1=" " ind2=" " tag="338">
<subfield code="a">Online-Ressource</subfield>
<subfield code="b">cr</subfield>
<subfield code="2">rdacarrier</subfield>
</datafield>
<datafield ind1=" " ind2=" " tag="502">
<subfield code="b">Dissertation</subfield>
<subfield code="c">Mainz, Johannes-Gutenberg-Universität Mainz</subfield>
<subfield code="d">2023</subfield>
</datafield>
<datafield ind1="1" ind2=" " tag="583">
<subfield code="a">Archivierung/Langzeitarchivierung gewährleistet</subfield>
<subfield code="5">DE-101</subfield>
<subfield code="2">pdager</subfield>
</datafield>
<datafield ind1="0" ind2="7" tag="600">
<subfield code="8">4\p</subfield>
<subfield code="0">(DE-588)4126320-0</subfield>
<subfield code="0">https://d-nb.info/gnd/4126320-0</subfield>
<subfield code="0">(DE-101)041263200</subfield>
<subfield code="a">Petronius</subfield>
<subfield code="c">Arbiter</subfield>
<subfield code="d">-66</subfield>
<subfield code="t">Satyrica</subfield>
<subfield code="9">rswk-swf</subfield>
<subfield code="2">gnd</subfield>
</datafield>
<datafield ind1="0" ind2="7" tag="600">
<subfield code="8">14\p</subfield>
<subfield code="0">(DE-588)4126320-0</subfield>
<subfield code="0">https://d-nb.info/gnd/4126320-0</subfield>
<subfield code="0">(DE-101)041263200</subfield>
<subfield code="a">Petronius</subfield>
<subfield code="c">Arbiter</subfield>
<subfield code="d">-66</subfield>
<subfield code="t">Satyrica</subfield>
<subfield code="2">gnd</subfield>
</datafield>
<datafield ind1=" " ind2="7" tag="650">
<subfield code="8">6\p</subfield>
<subfield code="0">(DE-588)1147792143</subfield>
<subfield code="0">https://d-nb.info/gnd/1147792143</subfield>
<subfield code="0">(DE-101)1147792143</subfield>
<subfield code="a">Sexualverhalten</subfield>
<subfield code="g">Motiv</subfield>
<subfield code="9">rswk-swf</subfield>
<subfield code="2">gnd</subfield>
</datafield>
<datafield ind1=" " ind2="7" tag="650">
<subfield code="8">8\p</subfield>
<subfield code="0">(DE-588)4124854-5</subfield>
<subfield code="0">https://d-nb.info/gnd/4124854-5</subfield>
<subfield code="0">(DE-101)041248546</subfield>
<subfield code="a">Erzähltechnik</subfield>
<subfield code="9">rswk-swf</subfield>
<subfield code="2">gnd</subfield>
</datafield>
<datafield ind1=" " ind2="7" tag="650">
<subfield code="8">10\p</subfield>
<subfield code="0">(DE-588)4031835-7</subfield>
<subfield code="0">https://d-nb.info/gnd/4031835-7</subfield>
<subfield code="0">(DE-101)040318354</subfield>
<subfield code="a">Komik</subfield>
<subfield code="9">rswk-swf</subfield>
<subfield code="2">gnd</subfield>
</datafield>
<datafield ind1=" " ind2="7" tag="650">
<subfield code="8">12\p</subfield>
<subfield code="0">(DE-588)4114364-4</subfield>
<subfield code="0">https://d-nb.info/gnd/4114364-4</subfield>
<subfield code="0">(DE-101)041143647</subfield>
<subfield code="a">Latein</subfield>
<subfield code="2">gnd</subfield>
</datafield>
<datafield ind1=" " ind2="7" tag="650">
<subfield code="8">13\p</subfield>
<subfield code="0">(DE-588)4124854-5</subfield>
<subfield code="0">https://d-nb.info/gnd/4124854-5</subfield>
<subfield code="0">(DE-101)041248546</subfield>
<subfield code="a">Erzähltechnik</subfield>
<subfield code="2">gnd</subfield>
</datafield>
<datafield ind1=" " ind2="7" tag="650">
<subfield code="8">15\p</subfield>
<subfield code="0">(DE-588)4113791-7</subfield>
<subfield code="0">https://d-nb.info/gnd/4113791-7</subfield>
<subfield code="0">(DE-101)041137914</subfield>
<subfield code="a">Griechisch</subfield>
<subfield code="2">gnd</subfield>
</datafield>
<datafield ind1=" " ind2=" " tag="653">
<subfield code="a">Petronius</subfield>
</datafield>
<datafield ind1=" " ind2=" " tag="653">
<subfield code="a">Satyrica</subfield>
</datafield>
<datafield ind1=" " ind2=" " tag="653">
<subfield code="a">Comedy</subfield>
</datafield>
<datafield ind1=" " ind2=" " tag="653">
<subfield code="a">(Zielgruppe)Fachpublikum/ Wissenschaft</subfield>
</datafield>
<datafield ind1=" " ind2=" " tag="653">
<subfield code="a">Narratology</subfield>
</datafield>
<datafield ind1=" " ind2=" " tag="653">
<subfield code="a">Sexuality</subfield>
</datafield>
<datafield ind1=" " ind2="7" tag="655">
<subfield code="8">2\p</subfield>
<subfield code="0">(DE-588)4113937-9</subfield>
<subfield code="0">https://d-nb.info/gnd/4113937-9</subfield>
<subfield code="0">(DE-101)041139372</subfield>
<subfield code="a">Hochschulschrift</subfield>
<subfield code="2">gnd-content</subfield>
</datafield>
<datafield ind1="0" ind2="0" tag="689">
<subfield code="8">5\p</subfield>
<subfield code="0">(DE-588)4126320-0</subfield>
<subfield code="0">https://d-nb.info/gnd/4126320-0</subfield>
<subfield code="0">(DE-101)041263200</subfield>
<subfield code="D">p</subfield>
<subfield code="a">Petronius</subfield>
<subfield code="c">Arbiter</subfield>
<subfield code="d">-66</subfield>
<subfield code="t">Satyrica</subfield>
</datafield>
<datafield ind1="0" ind2="1" tag="689">
<subfield code="8">7\p</subfield>
<subfield code="0">(DE-588)1147792143</subfield>
<subfield code="0">https://d-nb.info/gnd/1147792143</subfield>
<subfield code="0">(DE-101)1147792143</subfield>
<subfield code="D">s</subfield>
<subfield code="a">Sexualverhalten</subfield>
<subfield code="g">Motiv</subfield>
</datafield>
<datafield ind1="0" ind2="2" tag="689">
<subfield code="8">9\p</subfield>
<subfield code="0">(DE-588)4124854-5</subfield>
<subfield code="0">https://d-nb.info/gnd/4124854-5</subfield>
<subfield code="0">(DE-101)041248546</subfield>
<subfield code="D">s</subfield>
<subfield code="a">Erzähltechnik</subfield>
</datafield>
<datafield ind1="0" ind2="3" tag="689">
<subfield code="8">11\p</subfield>
<subfield code="0">(DE-588)4031835-7</subfield>
<subfield code="0">https://d-nb.info/gnd/4031835-7</subfield>
<subfield code="0">(DE-101)040318354</subfield>
<subfield code="D">s</subfield>
<subfield code="a">Komik</subfield>
</datafield>
<datafield ind1="0" ind2=" " tag="689">
<subfield code="5">DE-101</subfield>
<subfield code="5">DE-101</subfield>
</datafield>
<datafield ind1="0" ind2="8" tag="776">
<subfield code="i">Erscheint auch als</subfield>
<subfield code="n">Druck-Ausgabe</subfield>
<subfield code="a">Löbcke, Konrad</subfield>
<subfield code="t">Sexual rivalry in Petronius' Satyrica</subfield>
<subfield code="d">Heidelberg : Propylaeum, 2024</subfield>
<subfield code="h">343 Seiten</subfield>
<subfield code="w">(DE-101)1347247939</subfield>
</datafield>
<datafield ind1=" " ind2=" " tag="850">
<subfield code="a">DE-101a</subfield>
<subfield code="a">DE-101b</subfield>
</datafield>
<datafield ind1="4" ind2="0" tag="856">
<subfield code="u">https://doi.org/10.11588/propylaeum.1447</subfield>
<subfield code="x">Resolving-System</subfield>
</datafield>
<datafield ind1="4" ind2="0" tag="856">
<subfield code="u">https://nbn-resolving.org/urn:nbn:de:bsz:16-propylaeum-ebook-1447-8</subfield>
<subfield code="x">Resolving-System</subfield>
</datafield>
<datafield ind1=" " ind2="0" tag="856">
<subfield code="u">https://d-nb.info/1350456713/34</subfield>
<subfield code="x">Langzeitarchivierung Nationalbibliothek</subfield>
</datafield>
<datafield ind1="4" ind2=" " tag="856">
<subfield code="q">application/pdf</subfield>
<subfield code="u">https://books.ub.uni-heidelberg.de/propylaeum/catalog/book/1447</subfield>
<subfield code="x">Verlag</subfield>
<subfield code="z">kostenfrei</subfield>
</datafield>
<datafield ind1="2" ind2=" " tag="883">
<subfield code="8">1\p</subfield>
<subfield code="a">dnb-pa</subfield>
<subfield code="d">20241209</subfield>
<subfield code="q">DE-101</subfield>
<subfield code="u">https://d-nb.info/provenance/plan#dnb-pa</subfield>
</datafield>
<datafield ind1="2" ind2=" " tag="883">
<subfield code="8">2\p</subfield>
<subfield code="a">dnb-pa</subfield>
<subfield code="d">20250520</subfield>
<subfield code="q">DE-101</subfield>
<subfield code="u">https://d-nb.info/provenance/plan#dnb-pa</subfield>
</datafield>
<datafield ind1=" " ind2=" " tag="883">
<subfield code="8">3\p</subfield>
<subfield code="a">cgwrk</subfield>
<subfield code="d">20250204</subfield>
<subfield code="q">DE-101</subfield>
<subfield code="u">https://d-nb.info/provenance/plan#cgwrk</subfield>
</datafield>
<datafield ind1="2" ind2=" " tag="883">
<subfield code="8">4\p</subfield>
<subfield code="a">dnb-pa</subfield>
<subfield code="d">20250520</subfield>
<subfield code="q">DE-101</subfield>
<subfield code="u">https://d-nb.info/provenance/plan#dnb-pa</subfield>
</datafield>
<datafield ind1="2" ind2=" " tag="883">
<subfield code="8">5\p</subfield>
<subfield code="a">dnb-pa</subfield>
<subfield code="d">20250520</subfield>
<subfield code="q">DE-101</subfield>
<subfield code="u">https://d-nb.info/provenance/plan#dnb-pa</subfield>
</datafield>
<datafield ind1="2" ind2=" " tag="883">
<subfield code="8">6\p</subfield>
<subfield code="a">dnb-pa</subfield>
<subfield code="d">20250520</subfield>
<subfield code="q">DE-101</subfield>
<subfield code="u">https://d-nb.info/provenance/plan#dnb-pa</subfield>
</datafield>
<datafield ind1="2" ind2=" " tag="883">
<subfield code="8">7\p</subfield>
<subfield code="a">dnb-pa</subfield>
<subfield code="d">20250520</subfield>
<subfield code="q">DE-101</subfield>
<subfield code="u">https://d-nb.info/provenance/plan#dnb-pa</subfield>
</datafield>
<datafield ind1="2" ind2=" " tag="883">
<subfield code="8">8\p</subfield>
<subfield code="a">dnb-pa</subfield>
<subfield code="d">20250520</subfield>
<subfield code="q">DE-101</subfield>
<subfield code="u">https://d-nb.info/provenance/plan#dnb-pa</subfield>
</datafield>
<datafield ind1="2" ind2=" " tag="883">
<subfield code="8">9\p</subfield>
<subfield code="a">dnb-pa</subfield>
<subfield code="d">20250520</subfield>
<subfield code="q">DE-101</subfield>
<subfield code="u">https://d-nb.info/provenance/plan#dnb-pa</subfield>
</datafield>
<datafield ind1="2" ind2=" " tag="883">
<subfield code="8">10\p</subfield>
<subfield code="a">dnb-pa</subfield>
<subfield code="d">20250520</subfield>
<subfield code="q">DE-101</subfield>
<subfield code="u">https://d-nb.info/provenance/plan#dnb-pa</subfield>
</datafield>
<datafield ind1="2" ind2=" " tag="883">
<subfield code="8">11\p</subfield>
<subfield code="a">dnb-pa</subfield>
<subfield code="d">20250520</subfield>
<subfield code="q">DE-101</subfield>
<subfield code="u">https://d-nb.info/provenance/plan#dnb-pa</subfield>
</datafield>
<datafield ind1="0" ind2=" " tag="883">
<subfield code="8">12\p</subfield>
<subfield code="a">emagnd</subfield>
<subfield code="c">0,09911</subfield>
<subfield code="d">20241207</subfield>
<subfield code="q">DE-101</subfield>
<subfield code="u">https://d-nb.info/provenance/plan#emagnd</subfield>
</datafield>
<datafield ind1="0" ind2=" " tag="883">
<subfield code="8">13\p</subfield>
<subfield code="a">emagnd</subfield>
<subfield code="c">0,06851</subfield>
<subfield code="d">20241207</subfield>
<subfield code="q">DE-101</subfield>
<subfield code="u">https://d-nb.info/provenance/plan#emagnd</subfield>
</datafield>
<datafield ind1="0" ind2=" " tag="883">
<subfield code="8">14\p</subfield>
<subfield code="a">emagnd</subfield>
<subfield code="c">0,05755</subfield>
<subfield code="d">20241207</subfield>
<subfield code="q">DE-101</subfield>
<subfield code="u">https://d-nb.info/provenance/plan#emagnd</subfield>
</datafield>
<datafield ind1="0" ind2=" " tag="883">
<subfield code="8">15\p</subfield>
<subfield code="a">emagnd</subfield>
<subfield code="c">0,04625</subfield>
<subfield code="d">20241207</subfield>
<subfield code="q">DE-101</subfield>
<subfield code="u">https://d-nb.info/provenance/plan#emagnd</subfield>
</datafield>
<datafield ind1="2" ind2=" " tag="883">
<subfield code="8">17\p</subfield>
<subfield code="a">dnb-pa</subfield>
<subfield code="d">20250520</subfield>
<subfield code="q">DE-101</subfield>
<subfield code="u">https://d-nb.info/provenance/plan#dnb-pa</subfield>
</datafield>
<datafield ind1="2" ind2=" " tag="883">
<subfield code="8">18\p</subfield>
<subfield code="a">dnb-pa</subfield>
<subfield code="d">20250520</subfield>
<subfield code="q">DE-101</subfield>
<subfield code="u">https://d-nb.info/provenance/plan#dnb-pa</subfield>
</datafield>
<datafield ind1=" " ind2=" " tag="889">
<subfield code="w">(DE-101)1381519415</subfield>
</datafield>
<datafield ind1="r" ind2=" " tag="925">
<subfield code="a">ro</subfield>
<subfield code="a">rb</subfield>
</datafield>
<datafield ind1="1" ind2=" " tag="926">
<subfield code="a">DB</subfield>
<subfield code="o">93</subfield>
<subfield code="q">Publisher</subfield>
<subfield code="v">1.5</subfield>
<subfield code="x">Texte: Antike und Mittelalter</subfield>
</datafield>
<datafield ind1=" " ind2=" " tag="927">
<subfield code="a">463175683</subfield>
</datafield>
</record>