<record type="Bibliographic" xmlns="http://www.loc.gov/MARC21/slim">
<leader>00000nam a2200000uc 4500</leader>
<controlfield tag="001">1343310792</controlfield>
<controlfield tag="003">DE-101</controlfield>
<controlfield tag="005">20241009224842.0</controlfield>
<controlfield tag="007">cr||||||||||||</controlfield>
<controlfield tag="008">240926s2024    gw |||||o|||| 00||||ger  </controlfield>
<datafield ind1=" " ind2=" " tag="015">
<subfield code="a">24,O10</subfield>
<subfield code="2">dnb</subfield>
</datafield>
<datafield ind1="7" ind2=" " tag="016">
<subfield code="2">DE-101</subfield>
<subfield code="a">1343310792</subfield>
</datafield>
<datafield ind1="7" ind2=" " tag="024">
<subfield code="a">10.25656/01:31161</subfield>
<subfield code="2">doi</subfield>
</datafield>
<datafield ind1="7" ind2=" " tag="024">
<subfield code="2">urn</subfield>
<subfield code="a">urn:nbn:de:0111-pedocs-311611</subfield>
</datafield>
<datafield ind1=" " ind2=" " tag="035">
<subfield code="a">(DE-599)DNB1343310792</subfield>
</datafield>
<datafield ind1=" " ind2=" " tag="035">
<subfield code="a">(OCoLC)1459739522</subfield>
</datafield>
<datafield ind1=" " ind2=" " tag="040">
<subfield code="a">1240</subfield>
<subfield code="b">ger</subfield>
<subfield code="c">DE-101</subfield>
<subfield code="d">9999</subfield>
</datafield>
<datafield ind1=" " ind2=" " tag="041">
<subfield code="8">1\p</subfield>
<subfield code="a">ger</subfield>
</datafield>
<datafield ind1=" " ind2=" " tag="044">
<subfield code="c">XA-DE-HE</subfield>
</datafield>
<datafield ind1="7" ind2="4" tag="082">
<subfield code="8">9\p</subfield>
<subfield code="a">741.5</subfield>
<subfield code="q">DE-101</subfield>
<subfield code="2">23sdnb</subfield>
</datafield>
<datafield ind1="1" ind2=" " tag="100">
<subfield code="8">2\p</subfield>
<subfield code="0">(DE-588)1033007021</subfield>
<subfield code="0">https://d-nb.info/gnd/1033007021</subfield>
<subfield code="0">(DE-101)1033007021</subfield>
<subfield code="0">(orcid)0000-0003-4328-6419</subfield>
<subfield code="a">Metag, Julia</subfield>
<subfield code="d">1984-</subfield>
<subfield code="e">Verfasser</subfield>
<subfield code="4">aut</subfield>
<subfield code="2">gnd</subfield>
</datafield>
<datafield ind1="1" ind2="0" tag="245">
<subfield code="a">Wissenschaftscomics für die Erwachsenenbildung: Das Projekt "Frag Sophie!"</subfield>
</datafield>
<datafield ind1="3" ind2=" " tag="246">
<subfield code="a">Science comics for adult education: The "Ask Sophie!" project</subfield>
</datafield>
<datafield ind1=" " ind2="1" tag="264">
<subfield code="a">Frankfurt</subfield>
<subfield code="b">DIPF Leibniz Institut für Bildungsforschung und Bildungsinformation</subfield>
<subfield code="c">2024</subfield>
</datafield>
<datafield ind1=" " ind2=" " tag="300">
<subfield code="a">Online-Ressource</subfield>
</datafield>
<datafield ind1=" " ind2=" " tag="336">
<subfield code="a">Text</subfield>
<subfield code="b">txt</subfield>
<subfield code="2">rdacontent</subfield>
</datafield>
<datafield ind1=" " ind2=" " tag="337">
<subfield code="a">Computermedien</subfield>
<subfield code="b">c</subfield>
<subfield code="2">rdamedia</subfield>
</datafield>
<datafield ind1=" " ind2=" " tag="338">
<subfield code="a">Online-Ressource</subfield>
<subfield code="b">cr</subfield>
<subfield code="2">rdacarrier</subfield>
</datafield>
<datafield ind1=" " ind2=" " tag="500">
<subfield code="a">In: Magazin erwachsenenbildung.at  (2024) 52, S. 99-110</subfield>
</datafield>
<datafield ind1=" " ind2=" " tag="500">
<subfield code="a">ISSN: 1993-6818</subfield>
</datafield>
<datafield ind1=" " ind2=" " tag="500">
<subfield code="a">ISSN: 2076-2879</subfield>
</datafield>
<datafield ind1=" " ind2=" " tag="500">
<subfield code="a">(DE-600)2395878-9</subfield>
</datafield>
<datafield ind1="0" ind2=" " tag="506">
<subfield code="a">Open Access</subfield>
<subfield code="f">Unrestricted online access</subfield>
<subfield code="u">http://purl.org/coar/access_right/c_abf2</subfield>
<subfield code="2">star</subfield>
</datafield>
<datafield ind1=" " ind2=" " tag="520">
<subfield code="a">Abstract: Die Wissenschaftskommunikation ist gefordert, Bürger*innen jenseits eines hochgebildeten, wissenschaftsaffinen Publikums zu erreichen, zu informieren und zur aktiven Auseinandersetzung mit Wissenschaft zu bewegen. Da Visualität und Narration dabei helfen können, Hürden des Verstehens abzubauen, bergen Wissenschaftscomics eine Chance, dieser Herausforderung zu begegnen. Vor diesem Hintergrund animiert der Wissenschaftscomic „Frag Sophie!“ Bürger*innen dazu, aktiv in den Austausch mit Wissenschaft zu gehen. Die Comic-Figur „Sophie“ fungiert dabei als Dialogpartnerin: Interessierte können Wissenschaftsfragen mithilfe einer Eingabemaske einreichen – „Sophie“ beantwortet diese unterstützt von Wissenschaftler*innen der Universität Münster. Die Autorinnen des Beitrags gehen auf Erwachsene als vielschichtige und entlang von Bildung, Wissenschaftsvertrauen und Mediennutzung differenzierbare Zielgruppe der Wissenschaftskommunikation ein und ...</subfield>
</datafield>
<datafield ind1=" " ind2=" " tag="520">
<subfield code="a">Abstract: Science communication needs to reach citizens beyond a highly educated, science¬friendly public and inform as well as motivate them to actively engage with science. Since visualization and narration can help break down barriers to understanding, science comics are one way to meet this challenge. Against this backdrop, the science comic “Ask Sophie!” encourages citizens to actively participate in an exchange with science. The comic character “Sophie” serves as a partner in dialogue: Science questions may be submitted via an online form, and Sophie answers them with the support of scientists at the University of Münster. The authors of the article see adults as a multilayered target group for science communication that can be differentiated according to education, trust in science and media use and reflect on the potentials and limits of science comics as a tool for adult education. (DIPF/Orig.)</subfield>
</datafield>
<datafield ind1=" " ind2=" " tag="540">
<subfield code="a">Creative Commons Namensnennung 4.0 International</subfield>
<subfield code="f">CC BY 4.0 International</subfield>
<subfield code="u">http://creativecommons.org/licenses/by/4.0/deed.de</subfield>
<subfield code="2">cc</subfield>
</datafield>
<datafield ind1="1" ind2=" " tag="583">
<subfield code="a">Archivierung/Langzeitarchivierung gewährleistet</subfield>
<subfield code="5">DE-101</subfield>
<subfield code="2">pdager</subfield>
</datafield>
<datafield ind1=" " ind2="7" tag="650">
<subfield code="8">5\p</subfield>
<subfield code="0">(DE-588)4015428-2</subfield>
<subfield code="0">https://d-nb.info/gnd/4015428-2</subfield>
<subfield code="0">(DE-101)040154289</subfield>
<subfield code="a">Erwachsenenbildung</subfield>
<subfield code="2">gnd</subfield>
</datafield>
<datafield ind1=" " ind2="7" tag="650">
<subfield code="8">6\p</subfield>
<subfield code="0">(DE-588)4010427-8</subfield>
<subfield code="0">https://d-nb.info/gnd/4010427-8</subfield>
<subfield code="0">(DE-101)040104273</subfield>
<subfield code="a">Comic</subfield>
<subfield code="2">gnd</subfield>
</datafield>
<datafield ind1=" " ind2="7" tag="650">
<subfield code="8">7\p</subfield>
<subfield code="0">(DE-588)1031114947</subfield>
<subfield code="0">https://d-nb.info/gnd/1031114947</subfield>
<subfield code="0">(DE-101)1031114947</subfield>
<subfield code="a">Wissenschaftskommunikation</subfield>
<subfield code="2">gnd</subfield>
</datafield>
<datafield ind1=" " ind2="7" tag="650">
<subfield code="8">8\p</subfield>
<subfield code="0">(DE-588)4066562-8</subfield>
<subfield code="0">https://d-nb.info/gnd/4066562-8</subfield>
<subfield code="0">(DE-101)040665623</subfield>
<subfield code="a">Wissenschaft</subfield>
<subfield code="2">gnd</subfield>
</datafield>
<datafield ind1=" " ind2=" " tag="653">
<subfield code="a">Wissenschaftskommunikation</subfield>
<subfield code="a">Comic</subfield>
<subfield code="a">Erwachsenenbildung</subfield>
<subfield code="a">Partizipation</subfield>
<subfield code="a">Multimodalität</subfield>
<subfield code="a">Projekt</subfield>
<subfield code="a">Evaluation</subfield>
<subfield code="a">Adult education</subfield>
<subfield code="a">Adult training</subfield>
<subfield code="a">Project</subfield>
<subfield code="a">Projects (Learning Activities)</subfield>
</datafield>
<datafield ind1="1" ind2=" " tag="700">
<subfield code="8">3\p</subfield>
<subfield code="0">(DE-588)1246488116</subfield>
<subfield code="0">https://d-nb.info/gnd/1246488116</subfield>
<subfield code="0">(DE-101)1246488116</subfield>
<subfield code="0">(orcid)0009-0001-8324-6326</subfield>
<subfield code="a">Nölleke-Przybylski, Pamela</subfield>
<subfield code="d">1985-</subfield>
<subfield code="e">Verfasser</subfield>
<subfield code="4">aut</subfield>
<subfield code="2">gnd</subfield>
</datafield>
<datafield ind1="1" ind2=" " tag="700">
<subfield code="8">4\p</subfield>
<subfield code="0">(orcid)0000-0002-5943-1628</subfield>
<subfield code="a">Klinger, Kira</subfield>
<subfield code="e">Verfasser</subfield>
<subfield code="4">aut</subfield>
</datafield>
<datafield ind1=" " ind2=" " tag="850">
<subfield code="a">DE-101a</subfield>
<subfield code="a">DE-101b</subfield>
</datafield>
<datafield ind1="4" ind2="0" tag="856">
<subfield code="u">https://doi.org/10.25656/01:31161</subfield>
<subfield code="x">Resolving-System</subfield>
</datafield>
<datafield ind1="4" ind2="0" tag="856">
<subfield code="u">https://nbn-resolving.org/urn:nbn:de:0111-pedocs-311611</subfield>
<subfield code="x">Resolving-System</subfield>
</datafield>
<datafield ind1=" " ind2="0" tag="856">
<subfield code="u">https://d-nb.info/1343310792/34</subfield>
<subfield code="x">Langzeitarchivierung Nationalbibliothek</subfield>
</datafield>
<datafield ind1="4" ind2=" " tag="856">
<subfield code="q">text/html</subfield>
<subfield code="u">https://www.pedocs.de/frontdoor.php?source_opus=31161</subfield>
<subfield code="z">kostenfrei</subfield>
</datafield>
<datafield ind1="4" ind2=" " tag="856">
<subfield code="q">application/pdf</subfield>
<subfield code="s">1150.31 kB</subfield>
<subfield code="u">https://www.pedocs.de/volltexte/2024/31161/pdf/MEB_2024_52_Metag_et_al_Wissenschaftscomics.pdf</subfield>
<subfield code="z">kostenfrei</subfield>
<subfield code="3">Volltext</subfield>
</datafield>
<datafield ind1="1" ind2=" " tag="883">
<subfield code="8">1\p</subfield>
<subfield code="a">npi</subfield>
<subfield code="d">20240926</subfield>
<subfield code="q">DE-101</subfield>
<subfield code="u">https://d-nb.info/provenance/plan#npi</subfield>
</datafield>
<datafield ind1="1" ind2=" " tag="883">
<subfield code="8">2\p</subfield>
<subfield code="a">npi</subfield>
<subfield code="d">20240926</subfield>
<subfield code="q">DE-101</subfield>
<subfield code="u">https://d-nb.info/provenance/plan#npi</subfield>
</datafield>
<datafield ind1="1" ind2=" " tag="883">
<subfield code="8">3\p</subfield>
<subfield code="a">npi</subfield>
<subfield code="d">20240926</subfield>
<subfield code="q">DE-101</subfield>
<subfield code="u">https://d-nb.info/provenance/plan#npi</subfield>
</datafield>
<datafield ind1="1" ind2=" " tag="883">
<subfield code="8">4\p</subfield>
<subfield code="a">npi</subfield>
<subfield code="d">20240926</subfield>
<subfield code="q">DE-101</subfield>
<subfield code="u">https://d-nb.info/provenance/plan#npi</subfield>
</datafield>
<datafield ind1="0" ind2=" " tag="883">
<subfield code="8">5\p</subfield>
<subfield code="a">emagnd</subfield>
<subfield code="c">0,16794</subfield>
<subfield code="d">20240927</subfield>
<subfield code="q">DE-101</subfield>
<subfield code="u">https://d-nb.info/provenance/plan#emagnd</subfield>
</datafield>
<datafield ind1="0" ind2=" " tag="883">
<subfield code="8">6\p</subfield>
<subfield code="a">emagnd</subfield>
<subfield code="c">0,10765</subfield>
<subfield code="d">20240927</subfield>
<subfield code="q">DE-101</subfield>
<subfield code="u">https://d-nb.info/provenance/plan#emagnd</subfield>
</datafield>
<datafield ind1="0" ind2=" " tag="883">
<subfield code="8">7\p</subfield>
<subfield code="a">emagnd</subfield>
<subfield code="c">0,10284</subfield>
<subfield code="d">20240927</subfield>
<subfield code="q">DE-101</subfield>
<subfield code="u">https://d-nb.info/provenance/plan#emagnd</subfield>
</datafield>
<datafield ind1="0" ind2=" " tag="883">
<subfield code="8">8\p</subfield>
<subfield code="a">emagnd</subfield>
<subfield code="c">0,09957</subfield>
<subfield code="d">20240927</subfield>
<subfield code="q">DE-101</subfield>
<subfield code="u">https://d-nb.info/provenance/plan#emagnd</subfield>
</datafield>
<datafield ind1="0" ind2=" " tag="883">
<subfield code="8">9\p</subfield>
<subfield code="a">emasg</subfield>
<subfield code="c">0,40971</subfield>
<subfield code="d">20240927</subfield>
<subfield code="q">DE-101</subfield>
<subfield code="u">https://d-nb.info/provenance/plan#emasg</subfield>
</datafield>
<datafield ind1="r" ind2=" " tag="925">
<subfield code="a">ro</subfield>
<subfield code="a">rb</subfield>
</datafield>
<datafield ind1=" " ind2=" " tag="927">
<subfield code="a">30769201</subfield>
</datafield>
</record>