<record type="Bibliographic" xmlns="http://www.loc.gov/MARC21/slim">
<leader>00000nam a2200000uc 4500</leader>
<controlfield tag="001">129928017X</controlfield>
<controlfield tag="003">DE-101</controlfield>
<controlfield tag="005">20250904074657.0</controlfield>
<controlfield tag="007">cr||||||||||||</controlfield>
<controlfield tag="008">230815s2023    gw |||||o|||| 00||||ger  </controlfield>
<datafield ind1=" " ind2=" " tag="015">
<subfield code="a">23,O09</subfield>
<subfield code="2">dnb</subfield>
</datafield>
<datafield ind1="7" ind2=" " tag="016">
<subfield code="2">DE-101</subfield>
<subfield code="a">129928017X</subfield>
</datafield>
<datafield ind1=" " ind2=" " tag="020">
<subfield code="a">9783910591127</subfield>
<subfield code="9">978-3-910591-12-7</subfield>
</datafield>
<datafield ind1="7" ind2=" " tag="024">
<subfield code="a">10.38072/2751-1359/v26</subfield>
<subfield code="2">doi</subfield>
</datafield>
<datafield ind1="7" ind2=" " tag="024">
<subfield code="2">urn</subfield>
<subfield code="a">urn:nbn:de:gbv:8:3-2023-00333-3</subfield>
</datafield>
<datafield ind1=" " ind2=" " tag="035">
<subfield code="a">(DE-599)DNB129928017X</subfield>
</datafield>
<datafield ind1=" " ind2=" " tag="035">
<subfield code="a">(OCoLC)1396217066</subfield>
</datafield>
<datafield ind1=" " ind2=" " tag="040">
<subfield code="a">1240</subfield>
<subfield code="b">ger</subfield>
<subfield code="c">DE-101</subfield>
<subfield code="d">9999</subfield>
</datafield>
<datafield ind1=" " ind2=" " tag="041">
<subfield code="8">1\p</subfield>
<subfield code="a">ger</subfield>
</datafield>
<datafield ind1=" " ind2=" " tag="044">
<subfield code="c">XA-DE-SH</subfield>
</datafield>
<datafield ind1="0" ind2="4" tag="082">
<subfield code="8">15\u</subfield>
<subfield code="8">16\p</subfield>
<subfield code="a">741.5952</subfield>
<subfield code="q">DE-101</subfield>
<subfield code="2">23/ger</subfield>
</datafield>
<datafield ind1="7" ind2=" " tag="083">
<subfield code="8">17\p</subfield>
<subfield code="a">741.5</subfield>
<subfield code="q">DE-101</subfield>
<subfield code="2">23sdnb</subfield>
</datafield>
<datafield ind1=" " ind2=" " tag="085">
<subfield code="8">15\u</subfield>
<subfield code="b">741.59</subfield>
</datafield>
<datafield ind1=" " ind2=" " tag="085">
<subfield code="8">15\u</subfield>
<subfield code="z">2</subfield>
<subfield code="s">52</subfield>
</datafield>
<datafield ind1="1" ind2=" " tag="100">
<subfield code="8">2\p</subfield>
<subfield code="0">(DE-588)1315429012</subfield>
<subfield code="0">https://d-nb.info/gnd/1315429012</subfield>
<subfield code="0">(DE-101)1315429012</subfield>
<subfield code="a">Rading, Erik</subfield>
<subfield code="e">Verfasser</subfield>
<subfield code="4">aut</subfield>
<subfield code="2">gnd</subfield>
</datafield>
<datafield ind1="1" ind2="0" tag="245">
<subfield code="a">Bildung im Comic : Die pädagogischen Elemente des Bildungsromans in Keiji Nakazawas Barfuß durch Hiroshima</subfield>
<subfield code="c">Erik Rading ; Herausgeber: Nicole Welter, Birgit Brouër</subfield>
</datafield>
<datafield ind1=" " ind2="1" tag="264">
<subfield code="a">Kiel</subfield>
<subfield code="b">Universitätsbibliothek Kiel</subfield>
<subfield code="c">2023</subfield>
</datafield>
<datafield ind1=" " ind2=" " tag="300">
<subfield code="a">Online-Ressource</subfield>
</datafield>
<datafield ind1=" " ind2=" " tag="336">
<subfield code="a">Text</subfield>
<subfield code="b">txt</subfield>
<subfield code="2">rdacontent</subfield>
</datafield>
<datafield ind1=" " ind2=" " tag="337">
<subfield code="a">Computermedien</subfield>
<subfield code="b">c</subfield>
<subfield code="2">rdamedia</subfield>
</datafield>
<datafield ind1=" " ind2=" " tag="338">
<subfield code="a">Online-Ressource</subfield>
<subfield code="b">cr</subfield>
<subfield code="2">rdacarrier</subfield>
</datafield>
<datafield ind1="1" ind2=" " tag="490">
<subfield code="a">Kieler Berichte</subfield>
<subfield code="v">26</subfield>
</datafield>
<datafield ind1="0" ind2=" " tag="506">
<subfield code="a">Open Access</subfield>
<subfield code="f">Unrestricted online access</subfield>
<subfield code="u">http://purl.org/coar/access_right/c_abf2</subfield>
<subfield code="2">star</subfield>
</datafield>
<datafield ind1=" " ind2=" " tag="540">
<subfield code="f">cc-by-4.0</subfield>
<subfield code="u">https://creativecommons.org/licenses/by/4.0/</subfield>
</datafield>
<datafield ind1="1" ind2=" " tag="583">
<subfield code="a">Archivierung/Langzeitarchivierung gewährleistet</subfield>
<subfield code="5">DE-101</subfield>
<subfield code="2">pdager</subfield>
</datafield>
<datafield ind1="1" ind2="7" tag="600">
<subfield code="8">5\p</subfield>
<subfield code="0">(DE-588)1325879444</subfield>
<subfield code="0">https://d-nb.info/gnd/1325879444</subfield>
<subfield code="0">(DE-101)1325879444</subfield>
<subfield code="a">Nakazawa, Keiji</subfield>
<subfield code="d">1939-2012</subfield>
<subfield code="t">Hadashi no Gen</subfield>
<subfield code="9">rswk-swf</subfield>
<subfield code="2">gnd</subfield>
</datafield>
<datafield ind1="1" ind2="7" tag="600">
<subfield code="8">14\p</subfield>
<subfield code="0">(DE-588)117684295</subfield>
<subfield code="0">https://d-nb.info/gnd/117684295</subfield>
<subfield code="0">(DE-101)117684295</subfield>
<subfield code="a">Radinger, Johann Friedrich von</subfield>
<subfield code="d">1842-1901</subfield>
<subfield code="2">gnd</subfield>
</datafield>
<datafield ind1=" " ind2="7" tag="650">
<subfield code="8">7\p</subfield>
<subfield code="0">(DE-588)4044302-4</subfield>
<subfield code="0">https://d-nb.info/gnd/4044302-4</subfield>
<subfield code="0">(DE-101)040443027</subfield>
<subfield code="a">Pädagogik</subfield>
<subfield code="9">rswk-swf</subfield>
<subfield code="2">gnd</subfield>
</datafield>
<datafield ind1=" " ind2="7" tag="650">
<subfield code="8">9\p</subfield>
<subfield code="0">(DE-588)4112765-1</subfield>
<subfield code="0">https://d-nb.info/gnd/4112765-1</subfield>
<subfield code="0">(DE-101)04112765X</subfield>
<subfield code="a">Bildungsroman</subfield>
<subfield code="2">gnd</subfield>
</datafield>
<datafield ind1=" " ind2="7" tag="650">
<subfield code="8">10\p</subfield>
<subfield code="0">(DE-588)4010427-8</subfield>
<subfield code="0">https://d-nb.info/gnd/4010427-8</subfield>
<subfield code="0">(DE-101)040104273</subfield>
<subfield code="a">Comic</subfield>
<subfield code="2">gnd</subfield>
</datafield>
<datafield ind1=" " ind2="7" tag="650">
<subfield code="8">11\p</subfield>
<subfield code="0">(DE-588)4006650-2</subfield>
<subfield code="0">https://d-nb.info/gnd/4006650-2</subfield>
<subfield code="0">(DE-101)040066509</subfield>
<subfield code="a">Bildung</subfield>
<subfield code="2">gnd</subfield>
</datafield>
<datafield ind1=" " ind2="7" tag="650">
<subfield code="8">12\p</subfield>
<subfield code="0">(DE-588)4074285-4</subfield>
<subfield code="0">https://d-nb.info/gnd/4074285-4</subfield>
<subfield code="0">(DE-101)040742857</subfield>
<subfield code="a">Literaturgattung</subfield>
<subfield code="2">gnd</subfield>
</datafield>
<datafield ind1=" " ind2="7" tag="650">
<subfield code="8">13\p</subfield>
<subfield code="0">(DE-588)4113292-0</subfield>
<subfield code="0">https://d-nb.info/gnd/4113292-0</subfield>
<subfield code="0">(DE-101)041132920</subfield>
<subfield code="a">Deutsch</subfield>
<subfield code="2">gnd</subfield>
</datafield>
<datafield ind1=" " ind2=" " tag="653">
<subfield code="a">Bildungsroman</subfield>
</datafield>
<datafield ind1=" " ind2=" " tag="653">
<subfield code="a">Bildung</subfield>
</datafield>
<datafield ind1=" " ind2=" " tag="653">
<subfield code="a">Erziehung</subfield>
</datafield>
<datafield ind1=" " ind2=" " tag="653">
<subfield code="a">Comic</subfield>
</datafield>
<datafield ind1=" " ind2=" " tag="653">
<subfield code="a">Manga</subfield>
</datafield>
<datafield ind1=" " ind2=" " tag="653">
<subfield code="a">Japan</subfield>
</datafield>
<datafield ind1=" " ind2=" " tag="653">
<subfield code="a">Hermeneutik des Comics</subfield>
</datafield>
<datafield ind1=" " ind2=" " tag="653">
<subfield code="a">Optimismus</subfield>
</datafield>
<datafield ind1=" " ind2=" " tag="653">
<subfield code="a">Fiktion</subfield>
</datafield>
<datafield ind1=" " ind2=" " tag="653">
<subfield code="a">education</subfield>
</datafield>
<datafield ind1=" " ind2=" " tag="653">
<subfield code="a">comic</subfield>
</datafield>
<datafield ind1=" " ind2=" " tag="653">
<subfield code="a">manga</subfield>
</datafield>
<datafield ind1=" " ind2=" " tag="653">
<subfield code="a">hermeneutics of the comic</subfield>
</datafield>
<datafield ind1=" " ind2=" " tag="653">
<subfield code="a">optimism</subfield>
</datafield>
<datafield ind1=" " ind2=" " tag="653">
<subfield code="a">ficiton</subfield>
</datafield>
<datafield ind1="0" ind2="0" tag="689">
<subfield code="8">6\p</subfield>
<subfield code="0">(DE-588)1325879444</subfield>
<subfield code="0">https://d-nb.info/gnd/1325879444</subfield>
<subfield code="0">(DE-101)1325879444</subfield>
<subfield code="D">p</subfield>
<subfield code="a">Nakazawa, Keiji</subfield>
<subfield code="d">1939-2012</subfield>
<subfield code="t">Hadashi no Gen</subfield>
</datafield>
<datafield ind1="0" ind2="1" tag="689">
<subfield code="8">8\p</subfield>
<subfield code="0">(DE-588)4044302-4</subfield>
<subfield code="0">https://d-nb.info/gnd/4044302-4</subfield>
<subfield code="0">(DE-101)040443027</subfield>
<subfield code="D">s</subfield>
<subfield code="a">Pädagogik</subfield>
</datafield>
<datafield ind1="0" ind2=" " tag="689">
<subfield code="5">DE-101</subfield>
<subfield code="5">DE-101</subfield>
</datafield>
<datafield ind1="1" ind2=" " tag="700">
<subfield code="8">3\p</subfield>
<subfield code="0">(DE-588)128428295</subfield>
<subfield code="0">https://d-nb.info/gnd/128428295</subfield>
<subfield code="0">(DE-101)128428295</subfield>
<subfield code="a">Welter, Nicole</subfield>
<subfield code="d">1971-</subfield>
<subfield code="e">Herausgeber</subfield>
<subfield code="4">edt</subfield>
<subfield code="2">gnd</subfield>
</datafield>
<datafield ind1="1" ind2=" " tag="700">
<subfield code="8">4\p</subfield>
<subfield code="0">(DE-588)1044675675</subfield>
<subfield code="0">https://d-nb.info/gnd/1044675675</subfield>
<subfield code="0">(DE-101)1044675675</subfield>
<subfield code="a">Brouër, Birgit</subfield>
<subfield code="d">1962-</subfield>
<subfield code="e">Herausgeber</subfield>
<subfield code="4">edt</subfield>
<subfield code="2">gnd</subfield>
</datafield>
<datafield ind1=" " ind2="0" tag="830">
<subfield code="a">Kieler Berichte</subfield>
<subfield code="v">26</subfield>
</datafield>
<datafield ind1=" " ind2=" " tag="850">
<subfield code="a">DE-101a</subfield>
<subfield code="a">DE-101b</subfield>
</datafield>
<datafield ind1="4" ind2="0" tag="856">
<subfield code="u">https://doi.org/10.38072/2751-1359/v26</subfield>
<subfield code="x">Resolving-System</subfield>
</datafield>
<datafield ind1="4" ind2="0" tag="856">
<subfield code="u">https://nbn-resolving.org/urn:nbn:de:gbv:8:3-2023-00333-3</subfield>
<subfield code="x">Resolving-System</subfield>
</datafield>
<datafield ind1=" " ind2="0" tag="856">
<subfield code="u">https://d-nb.info/129928017X/34</subfield>
<subfield code="x">Langzeitarchivierung Nationalbibliothek</subfield>
</datafield>
<datafield ind1="4" ind2=" " tag="856">
<subfield code="q">application/pdf</subfield>
<subfield code="u">https://macau.uni-kiel.de/receive/macau_mods_00003653</subfield>
<subfield code="x">Verlag</subfield>
<subfield code="z">kostenfrei</subfield>
</datafield>
<datafield ind1="1" ind2=" " tag="883">
<subfield code="8">1\p</subfield>
<subfield code="a">npi</subfield>
<subfield code="d">20230815</subfield>
<subfield code="q">DE-101</subfield>
<subfield code="u">https://d-nb.info/provenance/plan#npi</subfield>
</datafield>
<datafield ind1=" " ind2=" " tag="883">
<subfield code="8">2\p</subfield>
<subfield code="a">cgwrk</subfield>
<subfield code="d">20240111</subfield>
<subfield code="q">DE-101</subfield>
<subfield code="u">https://d-nb.info/provenance/plan#cgwrk</subfield>
</datafield>
<datafield ind1=" " ind2=" " tag="883">
<subfield code="8">3\p</subfield>
<subfield code="a">cgwrk</subfield>
<subfield code="d">20230816</subfield>
<subfield code="q">DE-101</subfield>
<subfield code="u">https://d-nb.info/provenance/plan#cgwrk</subfield>
</datafield>
<datafield ind1=" " ind2=" " tag="883">
<subfield code="8">4\p</subfield>
<subfield code="a">cgwrk</subfield>
<subfield code="d">20230816</subfield>
<subfield code="q">DE-101</subfield>
<subfield code="u">https://d-nb.info/provenance/plan#cgwrk</subfield>
</datafield>
<datafield ind1=" " ind2=" " tag="883">
<subfield code="8">5\p</subfield>
<subfield code="a">dnb-cgwrk</subfield>
<subfield code="d">20250903</subfield>
<subfield code="q">DE-101</subfield>
<subfield code="u">https://d-nb.info/provenance/plan#dnb-cgwrk</subfield>
</datafield>
<datafield ind1=" " ind2=" " tag="883">
<subfield code="8">6\p</subfield>
<subfield code="a">dnb-cgwrk</subfield>
<subfield code="d">20250903</subfield>
<subfield code="q">DE-101</subfield>
<subfield code="u">https://d-nb.info/provenance/plan#dnb-cgwrk</subfield>
</datafield>
<datafield ind1=" " ind2=" " tag="883">
<subfield code="8">7\p</subfield>
<subfield code="a">dnb-cgwrk</subfield>
<subfield code="d">20250903</subfield>
<subfield code="q">DE-101</subfield>
<subfield code="u">https://d-nb.info/provenance/plan#dnb-cgwrk</subfield>
</datafield>
<datafield ind1=" " ind2=" " tag="883">
<subfield code="8">8\p</subfield>
<subfield code="a">dnb-cgwrk</subfield>
<subfield code="d">20250903</subfield>
<subfield code="q">DE-101</subfield>
<subfield code="u">https://d-nb.info/provenance/plan#dnb-cgwrk</subfield>
</datafield>
<datafield ind1="0" ind2=" " tag="883">
<subfield code="8">9\p</subfield>
<subfield code="a">emagnd</subfield>
<subfield code="c">0,60102</subfield>
<subfield code="d">20230816</subfield>
<subfield code="q">DE-101</subfield>
<subfield code="u">https://d-nb.info/provenance/plan#emagnd</subfield>
</datafield>
<datafield ind1="0" ind2=" " tag="883">
<subfield code="8">10\p</subfield>
<subfield code="a">emagnd</subfield>
<subfield code="c">0,42381</subfield>
<subfield code="d">20230816</subfield>
<subfield code="q">DE-101</subfield>
<subfield code="u">https://d-nb.info/provenance/plan#emagnd</subfield>
</datafield>
<datafield ind1="0" ind2=" " tag="883">
<subfield code="8">11\p</subfield>
<subfield code="a">emagnd</subfield>
<subfield code="c">0,15011</subfield>
<subfield code="d">20230816</subfield>
<subfield code="q">DE-101</subfield>
<subfield code="u">https://d-nb.info/provenance/plan#emagnd</subfield>
</datafield>
<datafield ind1="0" ind2=" " tag="883">
<subfield code="8">12\p</subfield>
<subfield code="a">emagnd</subfield>
<subfield code="c">0,07946</subfield>
<subfield code="d">20230816</subfield>
<subfield code="q">DE-101</subfield>
<subfield code="u">https://d-nb.info/provenance/plan#emagnd</subfield>
</datafield>
<datafield ind1="0" ind2=" " tag="883">
<subfield code="8">13\p</subfield>
<subfield code="a">emagnd</subfield>
<subfield code="c">0,07636</subfield>
<subfield code="d">20230816</subfield>
<subfield code="q">DE-101</subfield>
<subfield code="u">https://d-nb.info/provenance/plan#emagnd</subfield>
</datafield>
<datafield ind1="0" ind2=" " tag="883">
<subfield code="8">14\p</subfield>
<subfield code="a">emagnd</subfield>
<subfield code="c">0,06774</subfield>
<subfield code="d">20230816</subfield>
<subfield code="q">DE-101</subfield>
<subfield code="u">https://d-nb.info/provenance/plan#emagnd</subfield>
</datafield>
<datafield ind1=" " ind2=" " tag="883">
<subfield code="8">16\p</subfield>
<subfield code="a">dnb-cgwrk</subfield>
<subfield code="d">20250903</subfield>
<subfield code="q">DE-101</subfield>
<subfield code="u">https://d-nb.info/provenance/plan#dnb-cgwrk</subfield>
</datafield>
<datafield ind1=" " ind2=" " tag="883">
<subfield code="8">17\p</subfield>
<subfield code="a">dnb-cgwrk</subfield>
<subfield code="d">20250903</subfield>
<subfield code="q">DE-101</subfield>
<subfield code="u">https://d-nb.info/provenance/plan#dnb-cgwrk</subfield>
</datafield>
<datafield ind1="r" ind2=" " tag="925">
<subfield code="a">ro</subfield>
<subfield code="a">rb</subfield>
</datafield>
<datafield ind1=" " ind2=" " tag="927">
<subfield code="a">28311554</subfield>
</datafield>
</record>