<record type="Bibliographic" xmlns="http://www.loc.gov/MARC21/slim">
<leader>00000nam a2200000uc 4500</leader>
<controlfield tag="001">1364735512</controlfield>
<controlfield tag="003">DE-101</controlfield>
<controlfield tag="005">20250716082637.0</controlfield>
<controlfield tag="007">cr||||||||||||</controlfield>
<controlfield tag="008">250506s2023    gw |||||o|||| 00||||ger  </controlfield>
<datafield ind1=" " ind2=" " tag="015">
<subfield code="a">25,O06</subfield>
<subfield code="2">dnb</subfield>
</datafield>
<datafield ind1="7" ind2=" " tag="016">
<subfield code="2">DE-101</subfield>
<subfield code="a">1364735512</subfield>
</datafield>
<datafield ind1=" " ind2=" " tag="020">
<subfield code="a">9783839460900</subfield>
<subfield code="9">978-3-8394-6090-0</subfield>
</datafield>
<datafield ind1="7" ind2=" " tag="024">
<subfield code="a">10.14361/9783839460900</subfield>
<subfield code="2">doi</subfield>
</datafield>
<datafield ind1="7" ind2=" " tag="024">
<subfield code="2">urn</subfield>
<subfield code="a">urn:nbn:de:hbz:465-20230926-093523-2</subfield>
</datafield>
<datafield ind1=" " ind2=" " tag="035">
<subfield code="a">(DE-599)DNB1364735512</subfield>
</datafield>
<datafield ind1=" " ind2=" " tag="035">
<subfield code="a">(OCoLC)1401679675</subfield>
</datafield>
<datafield ind1=" " ind2=" " tag="040">
<subfield code="a">1140</subfield>
<subfield code="b">ger</subfield>
<subfield code="c">DE-101</subfield>
<subfield code="d">9999</subfield>
</datafield>
<datafield ind1=" " ind2=" " tag="041">
<subfield code="8">1\p</subfield>
<subfield code="a">ger</subfield>
</datafield>
<datafield ind1=" " ind2=" " tag="044">
<subfield code="c">XA-DE-NW</subfield>
</datafield>
<datafield ind1="0" ind2="4" tag="082">
<subfield code="8">17\u</subfield>
<subfield code="8">18\p</subfield>
<subfield code="a">741.53520905</subfield>
<subfield code="q">DE-101</subfield>
<subfield code="2">23/ger</subfield>
</datafield>
<datafield ind1="7" ind2=" " tag="083">
<subfield code="8">19\p</subfield>
<subfield code="a">741.5</subfield>
<subfield code="q">DE-101</subfield>
<subfield code="2">23sdnb</subfield>
</datafield>
<datafield ind1=" " ind2=" " tag="085">
<subfield code="8">17\u</subfield>
<subfield code="b">741.53</subfield>
</datafield>
<datafield ind1=" " ind2=" " tag="085">
<subfield code="8">17\u</subfield>
<subfield code="z">1</subfield>
<subfield code="s">0905</subfield>
</datafield>
<datafield ind1=" " ind2=" " tag="085">
<subfield code="8">17\u</subfield>
<subfield code="z">3C</subfield>
<subfield code="s">352</subfield>
</datafield>
<datafield ind1="1" ind2=" " tag="100">
<subfield code="8">3\p</subfield>
<subfield code="0">(DE-588)1269116711</subfield>
<subfield code="0">https://d-nb.info/gnd/1269116711</subfield>
<subfield code="0">(DE-101)1269116711</subfield>
<subfield code="a">Gaspers, Nicolas</subfield>
<subfield code="e">Verfasser</subfield>
<subfield code="4">aut</subfield>
<subfield code="2">gnd</subfield>
</datafield>
<datafield ind1="1" ind2="0" tag="245">
<subfield code="a">Religiöse Helden</subfield>
<subfield code="b">Glaube, Religion und Moralität in der superheroischen Popkultur</subfield>
<subfield code="c">Nicolas Gaspers, Torsten Caeners, Matthias Keidel</subfield>
</datafield>
<datafield ind1=" " ind2="1" tag="264">
<subfield code="a">Duisburg</subfield>
<subfield code="a">Essen</subfield>
<subfield code="b">Universität Duisburg-Essen</subfield>
<subfield code="c">2023</subfield>
</datafield>
<datafield ind1=" " ind2=" " tag="300">
<subfield code="a">Online-Ressource</subfield>
</datafield>
<datafield ind1=" " ind2=" " tag="336">
<subfield code="a">Sonstige</subfield>
<subfield code="b">xxx</subfield>
<subfield code="2">rdacontent</subfield>
</datafield>
<datafield ind1=" " ind2=" " tag="337">
<subfield code="a">Computermedien</subfield>
<subfield code="b">c</subfield>
<subfield code="2">rdamedia</subfield>
</datafield>
<datafield ind1=" " ind2=" " tag="338">
<subfield code="a">Online-Ressource</subfield>
<subfield code="b">cr</subfield>
<subfield code="2">rdacarrier</subfield>
</datafield>
<datafield ind1=" " ind2=" " tag="500">
<subfield code="a">In: &lt;p&gt;Gaspers, Nicolas; Caeners, Torsten; Keidel, Matthias (Hrsg.): Religiöse Helden.&amp;#xa0; Glaube, Religion und Moralität in der superheroischen Popkultur. Bielefeld: transcript Verlag, 2023. &lt;a href="https://doi.org/10.14361/9783839460900"&gt;https://doi.org/10.14361/9783839460900&lt;/a&gt;&lt;/p&gt; &lt;div&gt; &lt;p&gt;Erscheinungsdatum: 1. September 2023&lt;/p&gt; &lt;/div&gt;</subfield>
</datafield>
<datafield ind1=" " ind2=" " tag="506">
<subfield code="a">Open Access unbekannt</subfield>
<subfield code="f">Restrictions unspecified</subfield>
<subfield code="2">star</subfield>
</datafield>
<datafield ind1=" " ind2=" " tag="540">
<subfield code="f">cc-by-nd-4.0</subfield>
<subfield code="u">https://creativecommons.org/licenses/by-nd/4.0/</subfield>
</datafield>
<datafield ind1="1" ind2=" " tag="583">
<subfield code="a">Archivierung/Langzeitarchivierung gewährleistet</subfield>
<subfield code="5">DE-101</subfield>
<subfield code="2">pdager</subfield>
</datafield>
<datafield ind1=" " ind2="7" tag="650">
<subfield code="8">6\p</subfield>
<subfield code="0">(DE-588)4010427-8</subfield>
<subfield code="0">https://d-nb.info/gnd/4010427-8</subfield>
<subfield code="0">(DE-101)040104273</subfield>
<subfield code="a">Comic</subfield>
<subfield code="9">rswk-swf</subfield>
<subfield code="2">gnd</subfield>
</datafield>
<datafield ind1=" " ind2="7" tag="650">
<subfield code="8">8\p</subfield>
<subfield code="0">(DE-588)4291285-4</subfield>
<subfield code="0">https://d-nb.info/gnd/4291285-4</subfield>
<subfield code="0">(DE-101)042912857</subfield>
<subfield code="a">Superheld</subfield>
<subfield code="9">rswk-swf</subfield>
<subfield code="2">gnd</subfield>
</datafield>
<datafield ind1=" " ind2="7" tag="650">
<subfield code="8">10\p</subfield>
<subfield code="0">(DE-588)4207560-9</subfield>
<subfield code="0">https://d-nb.info/gnd/4207560-9</subfield>
<subfield code="0">(DE-101)042075602</subfield>
<subfield code="a">Religion</subfield>
<subfield code="g">Motiv</subfield>
<subfield code="9">rswk-swf</subfield>
<subfield code="2">gnd</subfield>
</datafield>
<datafield ind1=" " ind2="7" tag="650">
<subfield code="8">12\p</subfield>
<subfield code="0">(DE-588)4010427-8</subfield>
<subfield code="0">https://d-nb.info/gnd/4010427-8</subfield>
<subfield code="0">(DE-101)040104273</subfield>
<subfield code="a">Comic</subfield>
<subfield code="2">gnd</subfield>
</datafield>
<datafield ind1=" " ind2="7" tag="650">
<subfield code="8">13\p</subfield>
<subfield code="0">(DE-588)4207560-9</subfield>
<subfield code="0">https://d-nb.info/gnd/4207560-9</subfield>
<subfield code="0">(DE-101)042075602</subfield>
<subfield code="a">Religion</subfield>
<subfield code="g">Motiv</subfield>
<subfield code="2">gnd</subfield>
</datafield>
<datafield ind1=" " ind2="7" tag="650">
<subfield code="8">14\p</subfield>
<subfield code="0">(DE-588)4291285-4</subfield>
<subfield code="0">https://d-nb.info/gnd/4291285-4</subfield>
<subfield code="0">(DE-101)042912857</subfield>
<subfield code="a">Superheld</subfield>
<subfield code="2">gnd</subfield>
</datafield>
<datafield ind1=" " ind2="7" tag="650">
<subfield code="8">15\p</subfield>
<subfield code="0">(DE-588)4049396-9</subfield>
<subfield code="0">https://d-nb.info/gnd/4049396-9</subfield>
<subfield code="0">(DE-101)040493962</subfield>
<subfield code="a">Religion</subfield>
<subfield code="2">gnd</subfield>
</datafield>
<datafield ind1=" " ind2="7" tag="650">
<subfield code="8">16\p</subfield>
<subfield code="0">(DE-588)4175361-6</subfield>
<subfield code="0">https://d-nb.info/gnd/4175361-6</subfield>
<subfield code="0">(DE-101)041753615</subfield>
<subfield code="a">Popkultur</subfield>
<subfield code="2">gnd</subfield>
</datafield>
<datafield ind1=" " ind2=" " tag="653">
<subfield code="a">Religion</subfield>
</datafield>
<datafield ind1=" " ind2=" " tag="653">
<subfield code="a">Christentum</subfield>
</datafield>
<datafield ind1=" " ind2=" " tag="653">
<subfield code="a">Superhelden</subfield>
</datafield>
<datafield ind1=" " ind2=" " tag="653">
<subfield code="a">Comic</subfield>
</datafield>
<datafield ind1=" " ind2=" " tag="653">
<subfield code="a">Film</subfield>
</datafield>
<datafield ind1=" " ind2=" " tag="653">
<subfield code="a">Popkultur</subfield>
</datafield>
<datafield ind1=" " ind2=" " tag="653">
<subfield code="a">Literatur</subfield>
</datafield>
<datafield ind1=" " ind2=" " tag="653">
<subfield code="a">Religionswissenschaft</subfield>
</datafield>
<datafield ind1=" " ind2=" " tag="653">
<subfield code="a">Kulturwissenschaft</subfield>
</datafield>
<datafield ind1=" " ind2="7" tag="655">
<subfield code="8">2\p</subfield>
<subfield code="0">(DE-588)1071861417</subfield>
<subfield code="0">https://d-nb.info/gnd/1071861417</subfield>
<subfield code="0">(DE-101)1071861417</subfield>
<subfield code="a">Konferenzschrift</subfield>
<subfield code="2">gnd-content</subfield>
</datafield>
<datafield ind1="0" ind2="0" tag="689">
<subfield code="8">7\p</subfield>
<subfield code="0">(DE-588)4010427-8</subfield>
<subfield code="0">https://d-nb.info/gnd/4010427-8</subfield>
<subfield code="0">(DE-101)040104273</subfield>
<subfield code="D">s</subfield>
<subfield code="a">Comic</subfield>
</datafield>
<datafield ind1="0" ind2="1" tag="689">
<subfield code="8">9\p</subfield>
<subfield code="0">(DE-588)4291285-4</subfield>
<subfield code="0">https://d-nb.info/gnd/4291285-4</subfield>
<subfield code="0">(DE-101)042912857</subfield>
<subfield code="D">s</subfield>
<subfield code="a">Superheld</subfield>
</datafield>
<datafield ind1="0" ind2="2" tag="689">
<subfield code="8">11\p</subfield>
<subfield code="0">(DE-588)4207560-9</subfield>
<subfield code="0">https://d-nb.info/gnd/4207560-9</subfield>
<subfield code="0">(DE-101)042075602</subfield>
<subfield code="D">s</subfield>
<subfield code="a">Religion</subfield>
<subfield code="g">Motiv</subfield>
</datafield>
<datafield ind1="0" ind2=" " tag="689">
<subfield code="5">DE-101</subfield>
<subfield code="5">DE-101</subfield>
</datafield>
<datafield ind1="1" ind2=" " tag="700">
<subfield code="8">4\p</subfield>
<subfield code="0">(DE-588)1066608067</subfield>
<subfield code="0">https://d-nb.info/gnd/1066608067</subfield>
<subfield code="0">(DE-101)1066608067</subfield>
<subfield code="a">Caeners, Torsten</subfield>
<subfield code="d">1976-</subfield>
<subfield code="e">Verfasser</subfield>
<subfield code="4">aut</subfield>
<subfield code="2">gnd</subfield>
</datafield>
<datafield ind1="1" ind2=" " tag="700">
<subfield code="8">5\p</subfield>
<subfield code="0">(DE-588)1304026655</subfield>
<subfield code="0">https://d-nb.info/gnd/1304026655</subfield>
<subfield code="0">(DE-101)1304026655</subfield>
<subfield code="a">Keidel, Matthias</subfield>
<subfield code="d">1971-</subfield>
<subfield code="e">Verfasser</subfield>
<subfield code="4">aut</subfield>
<subfield code="2">gnd</subfield>
</datafield>
<datafield ind1="0" ind2="8" tag="776">
<subfield code="i">Weitere Ausg.</subfield>
<subfield code="z">9783839460900</subfield>
</datafield>
<datafield ind1=" " ind2=" " tag="850">
<subfield code="a">DE-101a</subfield>
<subfield code="a">DE-101b</subfield>
</datafield>
<datafield ind1="4" ind2="0" tag="856">
<subfield code="u">https://doi.org/10.14361/9783839460900</subfield>
<subfield code="x">Resolving-System</subfield>
</datafield>
<datafield ind1="4" ind2="0" tag="856">
<subfield code="u">https://nbn-resolving.org/urn:nbn:de:hbz:465-20230926-093523-2</subfield>
<subfield code="x">Resolving-System</subfield>
</datafield>
<datafield ind1=" " ind2="0" tag="856">
<subfield code="u">https://d-nb.info/1364735512/34</subfield>
<subfield code="x">Langzeitarchivierung Nationalbibliothek</subfield>
</datafield>
<datafield ind1="4" ind2=" " tag="856">
<subfield code="q">application/pdf</subfield>
<subfield code="u">https://duepublico2.uni-due.de/receive/duepublico_mods_00079080</subfield>
<subfield code="x">Verlag</subfield>
<subfield code="z">kostenfrei</subfield>
</datafield>
<datafield ind1="1" ind2=" " tag="883">
<subfield code="8">1\p</subfield>
<subfield code="a">npi</subfield>
<subfield code="d">20250506</subfield>
<subfield code="q">DE-101</subfield>
<subfield code="u">https://d-nb.info/provenance/plan#npi</subfield>
</datafield>
<datafield ind1=" " ind2=" " tag="883">
<subfield code="8">2\p</subfield>
<subfield code="a">dnb-cgwrk</subfield>
<subfield code="d">20250716</subfield>
<subfield code="q">DE-101</subfield>
<subfield code="u">https://d-nb.info/provenance/plan#dnb-cgwrk</subfield>
</datafield>
<datafield ind1="1" ind2=" " tag="883">
<subfield code="8">3\p</subfield>
<subfield code="a">npi</subfield>
<subfield code="d">20250506</subfield>
<subfield code="q">DE-101</subfield>
<subfield code="u">https://d-nb.info/provenance/plan#npi</subfield>
</datafield>
<datafield ind1="1" ind2=" " tag="883">
<subfield code="8">4\p</subfield>
<subfield code="a">npi</subfield>
<subfield code="d">20250506</subfield>
<subfield code="q">DE-101</subfield>
<subfield code="u">https://d-nb.info/provenance/plan#npi</subfield>
</datafield>
<datafield ind1=" " ind2=" " tag="883">
<subfield code="8">5\p</subfield>
<subfield code="a">cgwrk</subfield>
<subfield code="d">20250507</subfield>
<subfield code="q">DE-101</subfield>
<subfield code="u">https://d-nb.info/provenance/plan#cgwrk</subfield>
</datafield>
<datafield ind1=" " ind2=" " tag="883">
<subfield code="8">6\p</subfield>
<subfield code="a">dnb-cgwrk</subfield>
<subfield code="d">20250716</subfield>
<subfield code="q">DE-101</subfield>
<subfield code="u">https://d-nb.info/provenance/plan#dnb-cgwrk</subfield>
</datafield>
<datafield ind1=" " ind2=" " tag="883">
<subfield code="8">7\p</subfield>
<subfield code="a">dnb-cgwrk</subfield>
<subfield code="d">20250716</subfield>
<subfield code="q">DE-101</subfield>
<subfield code="u">https://d-nb.info/provenance/plan#dnb-cgwrk</subfield>
</datafield>
<datafield ind1=" " ind2=" " tag="883">
<subfield code="8">8\p</subfield>
<subfield code="a">dnb-cgwrk</subfield>
<subfield code="d">20250716</subfield>
<subfield code="q">DE-101</subfield>
<subfield code="u">https://d-nb.info/provenance/plan#dnb-cgwrk</subfield>
</datafield>
<datafield ind1=" " ind2=" " tag="883">
<subfield code="8">9\p</subfield>
<subfield code="a">dnb-cgwrk</subfield>
<subfield code="d">20250716</subfield>
<subfield code="q">DE-101</subfield>
<subfield code="u">https://d-nb.info/provenance/plan#dnb-cgwrk</subfield>
</datafield>
<datafield ind1=" " ind2=" " tag="883">
<subfield code="8">10\p</subfield>
<subfield code="a">dnb-cgwrk</subfield>
<subfield code="d">20250716</subfield>
<subfield code="q">DE-101</subfield>
<subfield code="u">https://d-nb.info/provenance/plan#dnb-cgwrk</subfield>
</datafield>
<datafield ind1=" " ind2=" " tag="883">
<subfield code="8">11\p</subfield>
<subfield code="a">dnb-cgwrk</subfield>
<subfield code="d">20250716</subfield>
<subfield code="q">DE-101</subfield>
<subfield code="u">https://d-nb.info/provenance/plan#dnb-cgwrk</subfield>
</datafield>
<datafield ind1="0" ind2=" " tag="883">
<subfield code="8">12\p</subfield>
<subfield code="a">emagnd</subfield>
<subfield code="c">0,38551</subfield>
<subfield code="d">20250507</subfield>
<subfield code="q">DE-101</subfield>
<subfield code="u">https://d-nb.info/provenance/plan#emagnd</subfield>
</datafield>
<datafield ind1="0" ind2=" " tag="883">
<subfield code="8">13\p</subfield>
<subfield code="a">emagnd</subfield>
<subfield code="c">0,25419</subfield>
<subfield code="d">20250507</subfield>
<subfield code="q">DE-101</subfield>
<subfield code="u">https://d-nb.info/provenance/plan#emagnd</subfield>
</datafield>
<datafield ind1="0" ind2=" " tag="883">
<subfield code="8">14\p</subfield>
<subfield code="a">emagnd</subfield>
<subfield code="c">0,21493</subfield>
<subfield code="d">20250507</subfield>
<subfield code="q">DE-101</subfield>
<subfield code="u">https://d-nb.info/provenance/plan#emagnd</subfield>
</datafield>
<datafield ind1="0" ind2=" " tag="883">
<subfield code="8">15\p</subfield>
<subfield code="a">emagnd</subfield>
<subfield code="c">0,10595</subfield>
<subfield code="d">20250507</subfield>
<subfield code="q">DE-101</subfield>
<subfield code="u">https://d-nb.info/provenance/plan#emagnd</subfield>
</datafield>
<datafield ind1="0" ind2=" " tag="883">
<subfield code="8">16\p</subfield>
<subfield code="a">emagnd</subfield>
<subfield code="c">0,07347</subfield>
<subfield code="d">20250507</subfield>
<subfield code="q">DE-101</subfield>
<subfield code="u">https://d-nb.info/provenance/plan#emagnd</subfield>
</datafield>
<datafield ind1=" " ind2=" " tag="883">
<subfield code="8">18\p</subfield>
<subfield code="a">dnb-cgwrk</subfield>
<subfield code="d">20250716</subfield>
<subfield code="q">DE-101</subfield>
<subfield code="u">https://d-nb.info/provenance/plan#dnb-cgwrk</subfield>
</datafield>
<datafield ind1=" " ind2=" " tag="883">
<subfield code="8">19\p</subfield>
<subfield code="a">dnb-cgwrk</subfield>
<subfield code="d">20250716</subfield>
<subfield code="q">DE-101</subfield>
<subfield code="u">https://d-nb.info/provenance/plan#dnb-cgwrk</subfield>
</datafield>
<datafield ind1="r" ind2=" " tag="925">
<subfield code="a">ro</subfield>
<subfield code="a">rb</subfield>
</datafield>
<datafield ind1=" " ind2=" " tag="927">
<subfield code="a">175210499</subfield>
</datafield>
</record>