<record type="Bibliographic" xmlns="http://www.loc.gov/MARC21/slim">
<leader>00000nam a2200000uc 4500</leader>
<controlfield tag="001">1257421468</controlfield>
<controlfield tag="003">DE-101</controlfield>
<controlfield tag="005">20260331123440.0</controlfield>
<controlfield tag="007">cr||||||||||||</controlfield>
<controlfield tag="008">220513s2022    gw |||||o|||| 00||||ger  </controlfield>
<datafield ind1=" " ind2=" " tag="015">
<subfield code="a">22,O06</subfield>
<subfield code="2">dnb</subfield>
</datafield>
<datafield ind1="7" ind2=" " tag="016">
<subfield code="2">DE-101</subfield>
<subfield code="a">1257421468</subfield>
</datafield>
<datafield ind1="7" ind2=" " tag="024">
<subfield code="2">urn</subfield>
<subfield code="a">urn:nbn:de:hebis:30:3-676816</subfield>
</datafield>
<datafield ind1=" " ind2=" " tag="035">
<subfield code="a">(DE-599)DNB1257421468</subfield>
</datafield>
<datafield ind1=" " ind2=" " tag="040">
<subfield code="a">1240</subfield>
<subfield code="b">ger</subfield>
<subfield code="c">DE-101</subfield>
<subfield code="d">1150</subfield>
</datafield>
<datafield ind1=" " ind2=" " tag="041">
<subfield code="8">1\p</subfield>
<subfield code="a">ger</subfield>
</datafield>
<datafield ind1=" " ind2=" " tag="044">
<subfield code="c">XA-DE-HE</subfield>
</datafield>
<datafield ind1="7" ind2="4" tag="082">
<subfield code="8">14\p</subfield>
<subfield code="a">741.5</subfield>
<subfield code="q">DE-101</subfield>
<subfield code="2">23sdnb</subfield>
</datafield>
<datafield ind1="1" ind2=" " tag="100">
<subfield code="8">2\p</subfield>
<subfield code="0">(DE-588)123087600</subfield>
<subfield code="0">https://d-nb.info/gnd/123087600</subfield>
<subfield code="0">(DE-101)123087600</subfield>
<subfield code="a">Oesterle, Günter</subfield>
<subfield code="d">1941-</subfield>
<subfield code="e">Verfasser</subfield>
<subfield code="4">aut</subfield>
<subfield code="2">gnd</subfield>
</datafield>
<datafield ind1="1" ind2="0" tag="245">
<subfield code="a">Karikatur</subfield>
<subfield code="c">Günter Oesterle, Ingrid Oesterle</subfield>
</datafield>
<datafield ind1=" " ind2="1" tag="264">
<subfield code="a">Frankfurt am Main</subfield>
<subfield code="b">Universitätsbibliothek Johann Christian Senckenberg</subfield>
<subfield code="c">2022</subfield>
</datafield>
<datafield ind1=" " ind2=" " tag="300">
<subfield code="a">Online-Ressource</subfield>
</datafield>
<datafield ind1=" " ind2=" " tag="336">
<subfield code="a">Text</subfield>
<subfield code="b">txt</subfield>
<subfield code="2">rdacontent</subfield>
</datafield>
<datafield ind1=" " ind2=" " tag="337">
<subfield code="a">Computermedien</subfield>
<subfield code="b">c</subfield>
<subfield code="2">rdamedia</subfield>
</datafield>
<datafield ind1=" " ind2=" " tag="338">
<subfield code="a">Online-Ressource</subfield>
<subfield code="b">cr</subfield>
<subfield code="2">rdacarrier</subfield>
</datafield>
<datafield ind1=" " ind2=" " tag="500">
<subfield code="a">In: Historisches Wörterbuch der Philosophie ; Bd. 4 : I-K / hrsg. von Joachim Ritter und Karlfried Gründer, Darmstadt : Wissenschaftliche Buchgesellschaft Darmstadt, 1976, Spalte 696-701</subfield>
</datafield>
<datafield ind1="1" ind2=" " tag="583">
<subfield code="a">Archivierung/Langzeitarchivierung gewährleistet</subfield>
<subfield code="5">DE-101</subfield>
<subfield code="2">pdager</subfield>
</datafield>
<datafield ind1=" " ind2="7" tag="650">
<subfield code="8">4\p</subfield>
<subfield code="0">(DE-588)4236433-4</subfield>
<subfield code="0">https://d-nb.info/gnd/4236433-4</subfield>
<subfield code="0">(DE-101)042364337</subfield>
<subfield code="a">Soziale Gerechtigkeit</subfield>
<subfield code="2">gnd</subfield>
</datafield>
<datafield ind1=" " ind2="7" tag="650">
<subfield code="8">5\p</subfield>
<subfield code="0">(DE-588)4197350-1</subfield>
<subfield code="0">https://d-nb.info/gnd/4197350-1</subfield>
<subfield code="0">(DE-101)04197350X</subfield>
<subfield code="a">Weltgeschichte</subfield>
<subfield code="g">Motiv</subfield>
<subfield code="2">gnd</subfield>
</datafield>
<datafield ind1=" " ind2="7" tag="650">
<subfield code="8">6\p</subfield>
<subfield code="0">(DE-588)4125654-2</subfield>
<subfield code="0">https://d-nb.info/gnd/4125654-2</subfield>
<subfield code="0">(DE-101)041256549</subfield>
<subfield code="a">Österreich</subfield>
<subfield code="g">Motiv</subfield>
<subfield code="2">gnd</subfield>
</datafield>
<datafield ind1=" " ind2="7" tag="650">
<subfield code="8">7\p</subfield>
<subfield code="0">(DE-588)4122965-4</subfield>
<subfield code="0">https://d-nb.info/gnd/4122965-4</subfield>
<subfield code="0">(DE-101)041229657</subfield>
<subfield code="a">Buch</subfield>
<subfield code="g">Motiv</subfield>
<subfield code="2">gnd</subfield>
</datafield>
<datafield ind1=" " ind2="7" tag="650">
<subfield code="8">8\p</subfield>
<subfield code="0">(DE-588)4114333-4</subfield>
<subfield code="0">https://d-nb.info/gnd/4114333-4</subfield>
<subfield code="0">(DE-101)041143337</subfield>
<subfield code="a">Kunst</subfield>
<subfield code="2">gnd</subfield>
</datafield>
<datafield ind1=" " ind2="7" tag="650">
<subfield code="8">9\p</subfield>
<subfield code="0">(DE-588)4113292-0</subfield>
<subfield code="0">https://d-nb.info/gnd/4113292-0</subfield>
<subfield code="0">(DE-101)041132920</subfield>
<subfield code="a">Deutsch</subfield>
<subfield code="2">gnd</subfield>
</datafield>
<datafield ind1=" " ind2="7" tag="650">
<subfield code="8">10\p</subfield>
<subfield code="0">(DE-588)4045791-6</subfield>
<subfield code="0">https://d-nb.info/gnd/4045791-6</subfield>
<subfield code="0">(DE-101)040457915</subfield>
<subfield code="a">Philosophie</subfield>
<subfield code="2">gnd</subfield>
</datafield>
<datafield ind1=" " ind2="7" tag="650">
<subfield code="8">11\p</subfield>
<subfield code="0">(DE-588)4031835-7</subfield>
<subfield code="0">https://d-nb.info/gnd/4031835-7</subfield>
<subfield code="0">(DE-101)040318354</subfield>
<subfield code="a">Komik</subfield>
<subfield code="2">gnd</subfield>
</datafield>
<datafield ind1=" " ind2="7" tag="650">
<subfield code="8">12\p</subfield>
<subfield code="0">(DE-588)4029670-2</subfield>
<subfield code="0">https://d-nb.info/gnd/4029670-2</subfield>
<subfield code="0">(DE-101)040296709</subfield>
<subfield code="a">Karikatur</subfield>
<subfield code="2">gnd</subfield>
</datafield>
<datafield ind1=" " ind2="7" tag="650">
<subfield code="8">13\p</subfield>
<subfield code="0">(DE-588)4000626-8</subfield>
<subfield code="0">https://d-nb.info/gnd/4000626-8</subfield>
<subfield code="0">(DE-101)040006263</subfield>
<subfield code="a">Ästhetik</subfield>
<subfield code="2">gnd</subfield>
</datafield>
<datafield ind1=" " ind2="7" tag="650">
<subfield code="a">Karikatur</subfield>
<subfield code="2">gnd</subfield>
</datafield>
<datafield ind1="1" ind2=" " tag="700">
<subfield code="8">3\p</subfield>
<subfield code="a">Oesterle, Ingrid</subfield>
<subfield code="e">Verfasser</subfield>
<subfield code="4">aut</subfield>
</datafield>
<datafield ind1=" " ind2=" " tag="850">
<subfield code="a">DE-101a</subfield>
<subfield code="a">DE-101b</subfield>
</datafield>
<datafield ind1="4" ind2="0" tag="856">
<subfield code="u">https://nbn-resolving.org/urn:nbn:de:hebis:30:3-676816</subfield>
<subfield code="x">Resolving-System</subfield>
</datafield>
<datafield ind1=" " ind2="0" tag="856">
<subfield code="u">https://d-nb.info/1257421468/34</subfield>
<subfield code="x">Langzeitarchivierung Nationalbibliothek</subfield>
</datafield>
<datafield ind1="4" ind2=" " tag="856">
<subfield code="q">application/pdf</subfield>
<subfield code="u">http://publikationen.ub.uni-frankfurt.de/frontdoor/index/index/docId/67681</subfield>
<subfield code="x">Verlag</subfield>
<subfield code="z">kostenfrei</subfield>
</datafield>
<datafield ind1="1" ind2=" " tag="883">
<subfield code="8">1\p</subfield>
<subfield code="a">npi</subfield>
<subfield code="d">20220513</subfield>
<subfield code="q">DE-101</subfield>
<subfield code="u">https://d-nb.info/provenance/plan#npi</subfield>
</datafield>
<datafield ind1=" " ind2=" " tag="883">
<subfield code="8">2\p</subfield>
<subfield code="a">cgwrk</subfield>
<subfield code="d">20230629</subfield>
<subfield code="q">DE-101</subfield>
<subfield code="u">https://d-nb.info/provenance/plan#cgwrk</subfield>
</datafield>
<datafield ind1="1" ind2=" " tag="883">
<subfield code="8">3\p</subfield>
<subfield code="a">npi</subfield>
<subfield code="d">20220513</subfield>
<subfield code="q">DE-101</subfield>
<subfield code="u">https://d-nb.info/provenance/plan#npi</subfield>
</datafield>
<datafield ind1="0" ind2=" " tag="883">
<subfield code="8">4\p</subfield>
<subfield code="a">ki02</subfield>
<subfield code="c">0,03210</subfield>
<subfield code="d">20230913</subfield>
<subfield code="q">DE-101</subfield>
<subfield code="u">https://d-nb.info/provenance/plan#ki02</subfield>
</datafield>
<datafield ind1="0" ind2=" " tag="883">
<subfield code="8">5\p</subfield>
<subfield code="a">ki02</subfield>
<subfield code="c">0,03733</subfield>
<subfield code="d">20230913</subfield>
<subfield code="q">DE-101</subfield>
<subfield code="u">https://d-nb.info/provenance/plan#ki02</subfield>
</datafield>
<datafield ind1="0" ind2=" " tag="883">
<subfield code="8">6\p</subfield>
<subfield code="a">ki02</subfield>
<subfield code="c">0,01970</subfield>
<subfield code="d">20230913</subfield>
<subfield code="q">DE-101</subfield>
<subfield code="u">https://d-nb.info/provenance/plan#ki02</subfield>
</datafield>
<datafield ind1="0" ind2=" " tag="883">
<subfield code="8">7\p</subfield>
<subfield code="a">ki02</subfield>
<subfield code="c">0,03019</subfield>
<subfield code="d">20230913</subfield>
<subfield code="q">DE-101</subfield>
<subfield code="u">https://d-nb.info/provenance/plan#ki02</subfield>
</datafield>
<datafield ind1="0" ind2=" " tag="883">
<subfield code="8">8\p</subfield>
<subfield code="a">ki02</subfield>
<subfield code="c">0,02439</subfield>
<subfield code="d">20230913</subfield>
<subfield code="q">DE-101</subfield>
<subfield code="u">https://d-nb.info/provenance/plan#ki02</subfield>
</datafield>
<datafield ind1="0" ind2=" " tag="883">
<subfield code="8">9\p</subfield>
<subfield code="a">ki02</subfield>
<subfield code="c">0,02695</subfield>
<subfield code="d">20230913</subfield>
<subfield code="q">DE-101</subfield>
<subfield code="u">https://d-nb.info/provenance/plan#ki02</subfield>
</datafield>
<datafield ind1="0" ind2=" " tag="883">
<subfield code="8">10\p</subfield>
<subfield code="a">ki02</subfield>
<subfield code="c">0,03174</subfield>
<subfield code="d">20230913</subfield>
<subfield code="q">DE-101</subfield>
<subfield code="u">https://d-nb.info/provenance/plan#ki02</subfield>
</datafield>
<datafield ind1="0" ind2=" " tag="883">
<subfield code="8">11\p</subfield>
<subfield code="a">ki02</subfield>
<subfield code="c">0,03020</subfield>
<subfield code="d">20230913</subfield>
<subfield code="q">DE-101</subfield>
<subfield code="u">https://d-nb.info/provenance/plan#ki02</subfield>
</datafield>
<datafield ind1="0" ind2=" " tag="883">
<subfield code="8">12\p</subfield>
<subfield code="a">ki02</subfield>
<subfield code="c">0,99884</subfield>
<subfield code="d">20230913</subfield>
<subfield code="q">DE-101</subfield>
<subfield code="u">https://d-nb.info/provenance/plan#ki02</subfield>
</datafield>
<datafield ind1="0" ind2=" " tag="883">
<subfield code="8">13\p</subfield>
<subfield code="a">ki02</subfield>
<subfield code="c">0,22706</subfield>
<subfield code="d">20230913</subfield>
<subfield code="q">DE-101</subfield>
<subfield code="u">https://d-nb.info/provenance/plan#ki02</subfield>
</datafield>
<datafield ind1="2" ind2=" " tag="883">
<subfield code="8">14\p</subfield>
<subfield code="a">dnb</subfield>
<subfield code="d">20231004</subfield>
<subfield code="q">DE-101</subfield>
<subfield code="u">https://d-nb.info/provenance/plan#dnb</subfield>
</datafield>
<datafield ind1="r" ind2=" " tag="925">
<subfield code="a">ro</subfield>
<subfield code="a">rb</subfield>
</datafield>
<datafield ind1=" " ind2=" " tag="927">
<subfield code="a">159383553</subfield>
</datafield>
</record>