<record type="Bibliographic" xmlns="http://www.loc.gov/MARC21/slim">
<leader>00000nam a2200000uc 4500</leader>
<controlfield tag="001">1283922312</controlfield>
<controlfield tag="003">DE-101</controlfield>
<controlfield tag="005">20250724084115.0</controlfield>
<controlfield tag="007">cr||||||||||||</controlfield>
<controlfield tag="008">230320s2022    gw |||||o|||| 00||||ger  </controlfield>
<datafield ind1=" " ind2=" " tag="015">
<subfield code="a">23,O04</subfield>
<subfield code="2">dnb</subfield>
</datafield>
<datafield ind1="7" ind2=" " tag="016">
<subfield code="2">DE-101</subfield>
<subfield code="a">1283922312</subfield>
</datafield>
<datafield ind1="7" ind2=" " tag="024">
<subfield code="a">10.25656/01:26080</subfield>
<subfield code="2">doi</subfield>
</datafield>
<datafield ind1="7" ind2=" " tag="024">
<subfield code="2">urn</subfield>
<subfield code="a">urn:nbn:de:0111-pedocs-260809</subfield>
</datafield>
<datafield ind1=" " ind2=" " tag="035">
<subfield code="a">(DE-599)DNB1283922312</subfield>
</datafield>
<datafield ind1=" " ind2=" " tag="035">
<subfield code="a">(OCoLC)1374980713</subfield>
</datafield>
<datafield ind1=" " ind2=" " tag="040">
<subfield code="a">1240</subfield>
<subfield code="b">ger</subfield>
<subfield code="c">DE-101</subfield>
<subfield code="d">9999</subfield>
</datafield>
<datafield ind1=" " ind2=" " tag="041">
<subfield code="8">1\p</subfield>
<subfield code="a">ger</subfield>
</datafield>
<datafield ind1=" " ind2=" " tag="044">
<subfield code="c">XA-DE-HE</subfield>
</datafield>
<datafield ind1="0" ind2="4" tag="082">
<subfield code="8">16\u</subfield>
<subfield code="8">17\p</subfield>
<subfield code="a">741.50712</subfield>
<subfield code="q">DE-101</subfield>
<subfield code="2">23/ger</subfield>
</datafield>
<datafield ind1="7" ind2=" " tag="083">
<subfield code="8">18\p</subfield>
<subfield code="a">741.5</subfield>
<subfield code="a">370</subfield>
<subfield code="q">DE-101</subfield>
<subfield code="2">23sdnb</subfield>
</datafield>
<datafield ind1=" " ind2=" " tag="085">
<subfield code="8">16\u</subfield>
<subfield code="b">741.5</subfield>
</datafield>
<datafield ind1=" " ind2=" " tag="085">
<subfield code="8">16\u</subfield>
<subfield code="z">1</subfield>
<subfield code="s">0712</subfield>
</datafield>
<datafield ind1="0" ind2="0" tag="245">
<subfield code="a">Was kann der Comic für den Unterricht leisten? Fachdidaktische Perspektiven auf ein subversives Erzählmedium</subfield>
</datafield>
<datafield ind1=" " ind2="1" tag="264">
<subfield code="a">Frankfurt</subfield>
<subfield code="b">DIPF Frankfurt am Main, NP-Ablieferer</subfield>
<subfield code="c">2022</subfield>
</datafield>
<datafield ind1=" " ind2=" " tag="300">
<subfield code="a">Online-Ressource</subfield>
</datafield>
<datafield ind1=" " ind2=" " tag="336">
<subfield code="a">Text</subfield>
<subfield code="b">txt</subfield>
<subfield code="2">rdacontent</subfield>
</datafield>
<datafield ind1=" " ind2=" " tag="337">
<subfield code="a">Computermedien</subfield>
<subfield code="b">c</subfield>
<subfield code="2">rdamedia</subfield>
</datafield>
<datafield ind1=" " ind2=" " tag="338">
<subfield code="a">Online-Ressource</subfield>
<subfield code="b">cr</subfield>
<subfield code="2">rdacarrier</subfield>
</datafield>
<datafield ind1="1" ind2=" " tag="490">
<subfield code="a">Salzburger Beiträge zur Lehrer/innen/bildung</subfield>
<subfield code="v">12</subfield>
</datafield>
<datafield ind1=" " ind2=" " tag="500">
<subfield code="a">Münster ; New York : Waxmann 2022, 270 S. - (Salzburger Beiträge zur Lehrer/innen/bildung; 12). ISBN 978-3-8309-9623-1; 978-3-8309-4623-6</subfield>
</datafield>
<datafield ind1=" " ind2=" " tag="500">
<subfield code="a">ISSN: 2510-1250</subfield>
</datafield>
<datafield ind1="0" ind2=" " tag="506">
<subfield code="a">Open Access</subfield>
<subfield code="f">Unrestricted online access</subfield>
<subfield code="u">http://purl.org/coar/access_right/c_abf2</subfield>
<subfield code="2">star</subfield>
</datafield>
<datafield ind1=" " ind2=" " tag="520">
<subfield code="a">Abstract: Der vorliegende Sammelband fokussiert das Verhältnis verschiedener Unterrichtsfächer zum Einsatz von Comics in der Sekundarstufe. Nach einer theoretischen Rahmensetzung in drei Überblicksbeiträgen bieten die fachspezifischen Kapitel eine generelle Einschätzung des didaktischen Potentials dieser Erzählform. Im Vordergrund stehen unterschiedliche methodische Zugänge für einen kompetenzorientierten Unterricht, die Behandlung zentraler fachtypischer Problemstellungen, aber auch ein konkretes Anwendungsbeispiel. Somit soll nicht nur die Lücke zwischen Theorie und Praxis geschlossen, sondern auch der Einstieg in die Comicdidaktik für interessierte Lehrkräfte, Lehramtsstudierende und Fachdidaktiker/innen erleichtert werden. (DIPF/Orig.)</subfield>
</datafield>
<datafield ind1=" " ind2=" " tag="540">
<subfield code="a">Creative Commons Namensnennung - Nicht-kommerziell - Weitergabe unter gleichen Bedingungen 4.0 International</subfield>
<subfield code="f">CC BY NC SA 4.0 International</subfield>
<subfield code="u">http://creativecommons.org/licenses/by-nc-sa/4.0/deed.de</subfield>
<subfield code="2">cc</subfield>
</datafield>
<datafield ind1="1" ind2=" " tag="583">
<subfield code="a">Archivierung/Langzeitarchivierung gewährleistet</subfield>
<subfield code="5">DE-101</subfield>
<subfield code="2">pdager</subfield>
</datafield>
<datafield ind1=" " ind2="7" tag="650">
<subfield code="8">5\p</subfield>
<subfield code="0">(DE-588)4077347-4</subfield>
<subfield code="0">https://d-nb.info/gnd/4077347-4</subfield>
<subfield code="0">(DE-101)040773477</subfield>
<subfield code="a">Sekundarstufe</subfield>
<subfield code="9">rswk-swf</subfield>
<subfield code="2">gnd</subfield>
</datafield>
<datafield ind1=" " ind2="7" tag="650">
<subfield code="8">7\p</subfield>
<subfield code="0">(DE-588)4123176-4</subfield>
<subfield code="0">https://d-nb.info/gnd/4123176-4</subfield>
<subfield code="0">(DE-101)041231767</subfield>
<subfield code="a">Fachdidaktik</subfield>
<subfield code="9">rswk-swf</subfield>
<subfield code="2">gnd</subfield>
</datafield>
<datafield ind1=" " ind2="7" tag="650">
<subfield code="8">9\p</subfield>
<subfield code="0">(DE-588)4010427-8</subfield>
<subfield code="0">https://d-nb.info/gnd/4010427-8</subfield>
<subfield code="0">(DE-101)040104273</subfield>
<subfield code="a">Comic</subfield>
<subfield code="9">rswk-swf</subfield>
<subfield code="2">gnd</subfield>
</datafield>
<datafield ind1=" " ind2="7" tag="650">
<subfield code="8">11\p</subfield>
<subfield code="0">(DE-588)4010427-8</subfield>
<subfield code="0">https://d-nb.info/gnd/4010427-8</subfield>
<subfield code="0">(DE-101)040104273</subfield>
<subfield code="a">Comic</subfield>
<subfield code="2">gnd</subfield>
</datafield>
<datafield ind1=" " ind2="7" tag="650">
<subfield code="8">12\p</subfield>
<subfield code="0">(DE-588)4011975-0</subfield>
<subfield code="0">https://d-nb.info/gnd/4011975-0</subfield>
<subfield code="0">(DE-101)040119750</subfield>
<subfield code="a">Deutschunterricht</subfield>
<subfield code="2">gnd</subfield>
</datafield>
<datafield ind1=" " ind2="7" tag="650">
<subfield code="8">13\p</subfield>
<subfield code="0">(DE-588)4123176-4</subfield>
<subfield code="0">https://d-nb.info/gnd/4123176-4</subfield>
<subfield code="0">(DE-101)041231767</subfield>
<subfield code="a">Fachdidaktik</subfield>
<subfield code="2">gnd</subfield>
</datafield>
<datafield ind1=" " ind2="7" tag="650">
<subfield code="8">14\p</subfield>
<subfield code="0">(DE-588)4062005-0</subfield>
<subfield code="0">https://d-nb.info/gnd/4062005-0</subfield>
<subfield code="0">(DE-101)040620050</subfield>
<subfield code="a">Unterricht</subfield>
<subfield code="2">gnd</subfield>
</datafield>
<datafield ind1=" " ind2="7" tag="650">
<subfield code="8">15\p</subfield>
<subfield code="0">(DE-588)4035093-9</subfield>
<subfield code="0">https://d-nb.info/gnd/4035093-9</subfield>
<subfield code="0">(DE-101)040350932</subfield>
<subfield code="a">Lehrerbildung</subfield>
<subfield code="2">gnd</subfield>
</datafield>
<datafield ind1=" " ind2=" " tag="653">
<subfield code="a">Comic</subfield>
<subfield code="a">Unterricht</subfield>
<subfield code="a">Fachdidaktik</subfield>
<subfield code="a">Lehrerbildung</subfield>
<subfield code="a">Sekundarbereich</subfield>
<subfield code="a">Primarbereich</subfield>
<subfield code="a">Englischunterricht</subfield>
<subfield code="a">Fremdsprachenunterricht</subfield>
<subfield code="a">Französischunterricht</subfield>
<subfield code="a">Spanischunterricht</subfield>
<subfield code="a">Altsprachlicher Unterricht</subfield>
<subfield code="a">Lateinunterricht</subfield>
<subfield code="a">Altgriechisch</subfield>
<subfield code="a">Deutschunterricht</subfield>
<subfield code="a">Geschichtsunterricht</subfield>
<subfield code="a">Geografieunterricht</subfield>
<subfield code="a">Psychologieunterricht</subfield>
<subfield code="a">Philosophieunterricht</subfield>
<subfield code="a">Islamischer Religionsunterricht</subfield>
<subfield code="a">Kunstunterricht</subfield>
<subfield code="a">Bildnerisches Gestalten</subfield>
<subfield code="a">Naturwissenschaftlicher Unterricht</subfield>
<subfield code="a">Physikunterricht</subfield>
<subfield code="a">Chemieunterricht</subfield>
<subfield code="a">Medientheorie</subfield>
<subfield code="a">Mediendidaktik</subfield>
<subfield code="a">Literarität</subfield>
<subfield code="a">Schreib- und Lesefähigkeit</subfield>
<subfield code="a">Kompetenzentwicklung</subfield>
<subfield code="a">Visuelles Medium</subfield>
<subfield code="a">Kompetenzorientierung</subfield>
<subfield code="a">Kompetenz</subfield>
<subfield code="a">Ästhetische Bildung</subfield>
<subfield code="a">Teaching</subfield>
<subfield code="a">Specialized didactics</subfield>
<subfield code="a">Subject didactics</subfield>
<subfield code="a">Teacher education</subfield>
<subfield code="a">Teachers' training</subfield>
<subfield code="a">Secondary education</subfield>
<subfield code="a">Primary education</subfield>
<subfield code="a">Primary level</subfield>
<subfield code="a">English language lessons</subfield>
<subfield code="a">Teaching of English</subfield>
<subfield code="a">Foreign language teaching</subfield>
<subfield code="a">Teaching of foreign languages</subfield>
<subfield code="a">French language lessons</subfield>
<subfield code="a">Teaching of French</subfield>
<subfield code="a">Teaching of Spanish</subfield>
<subfield code="a">Teaching of classics</subfield>
<subfield code="a">Teaching of Latin</subfield>
<subfield code="a">German language teaching</subfield>
<subfield code="a">Teaching of German</subfield>
<subfield code="a">History lessons</subfield>
<subfield code="a">Teaching of history</subfield>
<subfield code="a">Geography Education</subfield>
<subfield code="a">Geography lessons</subfield>
<subfield code="a">Teaching of geography</subfield>
<subfield code="a">Philosophy lessons</subfield>
<subfield code="a">Teaching of philosophy</subfield>
<subfield code="a">Art education</subfield>
<subfield code="a">Natural sciences lessons</subfield>
<subfield code="a">Teaching of science</subfield>
<subfield code="a">Physics Education</subfield>
<subfield code="a">Physics lessons</subfield>
<subfield code="a">Teaching of physics</subfield>
<subfield code="a">Chemistry Education</subfield>
<subfield code="a">Teaching of Chemistry</subfield>
<subfield code="a">Media theory</subfield>
<subfield code="a">Media didactics</subfield>
<subfield code="a">Literacy</subfield>
<subfield code="a">Skill development</subfield>
<subfield code="a">Competency</subfield>
<subfield code="a">Aesthetic education</subfield>
<subfield code="a">Religious instruction</subfield>
<subfield code="a">Teaching of religion</subfield>
</datafield>
<datafield ind1=" " ind2="7" tag="655">
<subfield code="8">2\p</subfield>
<subfield code="0">(DE-588)4143413-4</subfield>
<subfield code="0">https://d-nb.info/gnd/4143413-4</subfield>
<subfield code="0">(DE-101)041434137</subfield>
<subfield code="a">Aufsatzsammlung</subfield>
<subfield code="2">gnd-content</subfield>
</datafield>
<datafield ind1="0" ind2="0" tag="689">
<subfield code="8">6\p</subfield>
<subfield code="0">(DE-588)4077347-4</subfield>
<subfield code="0">https://d-nb.info/gnd/4077347-4</subfield>
<subfield code="0">(DE-101)040773477</subfield>
<subfield code="D">s</subfield>
<subfield code="a">Sekundarstufe</subfield>
</datafield>
<datafield ind1="0" ind2="1" tag="689">
<subfield code="8">8\p</subfield>
<subfield code="0">(DE-588)4123176-4</subfield>
<subfield code="0">https://d-nb.info/gnd/4123176-4</subfield>
<subfield code="0">(DE-101)041231767</subfield>
<subfield code="D">s</subfield>
<subfield code="a">Fachdidaktik</subfield>
</datafield>
<datafield ind1="0" ind2="2" tag="689">
<subfield code="8">10\p</subfield>
<subfield code="0">(DE-588)4010427-8</subfield>
<subfield code="0">https://d-nb.info/gnd/4010427-8</subfield>
<subfield code="0">(DE-101)040104273</subfield>
<subfield code="D">s</subfield>
<subfield code="a">Comic</subfield>
</datafield>
<datafield ind1="0" ind2=" " tag="689">
<subfield code="5">DE-101</subfield>
<subfield code="5">DE-101</subfield>
</datafield>
<datafield ind1="1" ind2=" " tag="700">
<subfield code="8">3\p</subfield>
<subfield code="0">(DE-588)132384191</subfield>
<subfield code="0">https://d-nb.info/gnd/132384191</subfield>
<subfield code="0">(DE-101)132384191</subfield>
<subfield code="0">(orcid)0000-0002-8255-3543</subfield>
<subfield code="a">Ammerer, Heinrich</subfield>
<subfield code="d">1979-</subfield>
<subfield code="e">Herausgeber</subfield>
<subfield code="4">edt</subfield>
<subfield code="2">gnd</subfield>
</datafield>
<datafield ind1="1" ind2=" " tag="700">
<subfield code="8">4\p</subfield>
<subfield code="0">(DE-588)1217088075</subfield>
<subfield code="0">https://d-nb.info/gnd/1217088075</subfield>
<subfield code="0">(DE-101)1217088075</subfield>
<subfield code="0">(orcid)0000-0002-7412-1505</subfield>
<subfield code="a">Oppolzer, Markus</subfield>
<subfield code="e">Herausgeber</subfield>
<subfield code="4">edt</subfield>
<subfield code="2">gnd</subfield>
</datafield>
<datafield ind1=" " ind2="0" tag="830">
<subfield code="a">Salzburger Beiträge zur Lehrer/innen/bildung</subfield>
<subfield code="v">12</subfield>
</datafield>
<datafield ind1=" " ind2=" " tag="850">
<subfield code="a">DE-101a</subfield>
<subfield code="a">DE-101b</subfield>
</datafield>
<datafield ind1="4" ind2="0" tag="856">
<subfield code="u">https://doi.org/10.25656/01:26080</subfield>
<subfield code="x">Resolving-System</subfield>
</datafield>
<datafield ind1="4" ind2="0" tag="856">
<subfield code="u">https://nbn-resolving.org/urn:nbn:de:0111-pedocs-260809</subfield>
<subfield code="x">Resolving-System</subfield>
</datafield>
<datafield ind1=" " ind2="0" tag="856">
<subfield code="u">https://d-nb.info/1283922312/34</subfield>
<subfield code="x">Langzeitarchivierung Nationalbibliothek</subfield>
</datafield>
<datafield ind1="4" ind2=" " tag="856">
<subfield code="q">text/html</subfield>
<subfield code="u">https://www.pedocs.de/frontdoor.php?source_opus=26080</subfield>
<subfield code="z">kostenfrei</subfield>
</datafield>
<datafield ind1="4" ind2=" " tag="856">
<subfield code="q">application/pdf</subfield>
<subfield code="s">24263.14 kB</subfield>
<subfield code="u">https://www.pedocs.de/volltexte/2023/26080/pdf/Ammerer_Oppolzer_2022_Was_kann_der_Comic.pdf</subfield>
<subfield code="z">kostenfrei</subfield>
<subfield code="3">Volltext</subfield>
</datafield>
<datafield ind1="1" ind2=" " tag="883">
<subfield code="8">1\p</subfield>
<subfield code="a">npi</subfield>
<subfield code="d">20230320</subfield>
<subfield code="q">DE-101</subfield>
<subfield code="u">https://d-nb.info/provenance/plan#npi</subfield>
</datafield>
<datafield ind1=" " ind2=" " tag="883">
<subfield code="8">2\p</subfield>
<subfield code="a">dnb-cgwrk</subfield>
<subfield code="d">20250724</subfield>
<subfield code="q">DE-101</subfield>
<subfield code="u">https://d-nb.info/provenance/plan#dnb-cgwrk</subfield>
</datafield>
<datafield ind1="1" ind2=" " tag="883">
<subfield code="8">3\p</subfield>
<subfield code="a">npi</subfield>
<subfield code="d">20230320</subfield>
<subfield code="q">DE-101</subfield>
<subfield code="u">https://d-nb.info/provenance/plan#npi</subfield>
</datafield>
<datafield ind1="1" ind2=" " tag="883">
<subfield code="8">4\p</subfield>
<subfield code="a">npi</subfield>
<subfield code="d">20230320</subfield>
<subfield code="q">DE-101</subfield>
<subfield code="u">https://d-nb.info/provenance/plan#npi</subfield>
</datafield>
<datafield ind1=" " ind2=" " tag="883">
<subfield code="8">5\p</subfield>
<subfield code="a">dnb-cgwrk</subfield>
<subfield code="d">20250724</subfield>
<subfield code="q">DE-101</subfield>
<subfield code="u">https://d-nb.info/provenance/plan#dnb-cgwrk</subfield>
</datafield>
<datafield ind1=" " ind2=" " tag="883">
<subfield code="8">6\p</subfield>
<subfield code="a">dnb-cgwrk</subfield>
<subfield code="d">20250724</subfield>
<subfield code="q">DE-101</subfield>
<subfield code="u">https://d-nb.info/provenance/plan#dnb-cgwrk</subfield>
</datafield>
<datafield ind1=" " ind2=" " tag="883">
<subfield code="8">7\p</subfield>
<subfield code="a">dnb-cgwrk</subfield>
<subfield code="d">20250724</subfield>
<subfield code="q">DE-101</subfield>
<subfield code="u">https://d-nb.info/provenance/plan#dnb-cgwrk</subfield>
</datafield>
<datafield ind1=" " ind2=" " tag="883">
<subfield code="8">8\p</subfield>
<subfield code="a">dnb-cgwrk</subfield>
<subfield code="d">20250724</subfield>
<subfield code="q">DE-101</subfield>
<subfield code="u">https://d-nb.info/provenance/plan#dnb-cgwrk</subfield>
</datafield>
<datafield ind1=" " ind2=" " tag="883">
<subfield code="8">9\p</subfield>
<subfield code="a">dnb-cgwrk</subfield>
<subfield code="d">20250724</subfield>
<subfield code="q">DE-101</subfield>
<subfield code="u">https://d-nb.info/provenance/plan#dnb-cgwrk</subfield>
</datafield>
<datafield ind1=" " ind2=" " tag="883">
<subfield code="8">10\p</subfield>
<subfield code="a">dnb-cgwrk</subfield>
<subfield code="d">20250724</subfield>
<subfield code="q">DE-101</subfield>
<subfield code="u">https://d-nb.info/provenance/plan#dnb-cgwrk</subfield>
</datafield>
<datafield ind1="0" ind2=" " tag="883">
<subfield code="8">11\p</subfield>
<subfield code="a">emagnd</subfield>
<subfield code="c">0,72140</subfield>
<subfield code="d">20230321</subfield>
<subfield code="q">DE-101</subfield>
<subfield code="u">https://d-nb.info/provenance/plan#emagnd</subfield>
</datafield>
<datafield ind1="0" ind2=" " tag="883">
<subfield code="8">12\p</subfield>
<subfield code="a">emagnd</subfield>
<subfield code="c">0,06502</subfield>
<subfield code="d">20230321</subfield>
<subfield code="q">DE-101</subfield>
<subfield code="u">https://d-nb.info/provenance/plan#emagnd</subfield>
</datafield>
<datafield ind1="0" ind2=" " tag="883">
<subfield code="8">13\p</subfield>
<subfield code="a">emagnd</subfield>
<subfield code="c">0,05998</subfield>
<subfield code="d">20230321</subfield>
<subfield code="q">DE-101</subfield>
<subfield code="u">https://d-nb.info/provenance/plan#emagnd</subfield>
</datafield>
<datafield ind1="0" ind2=" " tag="883">
<subfield code="8">14\p</subfield>
<subfield code="a">emagnd</subfield>
<subfield code="c">0,05765</subfield>
<subfield code="d">20230321</subfield>
<subfield code="q">DE-101</subfield>
<subfield code="u">https://d-nb.info/provenance/plan#emagnd</subfield>
</datafield>
<datafield ind1="0" ind2=" " tag="883">
<subfield code="8">15\p</subfield>
<subfield code="a">emagnd</subfield>
<subfield code="c">0,05500</subfield>
<subfield code="d">20230321</subfield>
<subfield code="q">DE-101</subfield>
<subfield code="u">https://d-nb.info/provenance/plan#emagnd</subfield>
</datafield>
<datafield ind1=" " ind2=" " tag="883">
<subfield code="8">17\p</subfield>
<subfield code="a">dnb-cgwrk</subfield>
<subfield code="d">20250724</subfield>
<subfield code="q">DE-101</subfield>
<subfield code="u">https://d-nb.info/provenance/plan#dnb-cgwrk</subfield>
</datafield>
<datafield ind1=" " ind2=" " tag="883">
<subfield code="8">18\p</subfield>
<subfield code="a">dnb-cgwrk</subfield>
<subfield code="d">20250724</subfield>
<subfield code="q">DE-101</subfield>
<subfield code="u">https://d-nb.info/provenance/plan#dnb-cgwrk</subfield>
</datafield>
<datafield ind1="r" ind2=" " tag="925">
<subfield code="a">ro</subfield>
<subfield code="a">rb</subfield>
</datafield>
<datafield ind1=" " ind2=" " tag="927">
<subfield code="a">30769201</subfield>
</datafield>
</record>