<record type="Bibliographic" xmlns="http://www.loc.gov/MARC21/slim">
<leader>00000naa a2200000uc 4500</leader>
<controlfield tag="001">1227925174</controlfield>
<controlfield tag="003">DE-101</controlfield>
<controlfield tag="005">20210303224127.0</controlfield>
<controlfield tag="007">cr||||||||||||</controlfield>
<controlfield tag="008">210223s2021    gw |||||o|||| 00||||ger  </controlfield>
<datafield ind1=" " ind2=" " tag="015">
<subfield code="a">21,O03</subfield>
<subfield code="2">dnb</subfield>
</datafield>
<datafield ind1="7" ind2=" " tag="016">
<subfield code="2">DE-101</subfield>
<subfield code="a">1227925174</subfield>
</datafield>
<datafield ind1="7" ind2=" " tag="024">
<subfield code="a">10.14765/zzf.dok-2116</subfield>
<subfield code="2">doi</subfield>
</datafield>
<datafield ind1="7" ind2=" " tag="024">
<subfield code="2">urn</subfield>
<subfield code="a">urn:nbn:de:101:1-2021022300552568267616</subfield>
</datafield>
<datafield ind1=" " ind2=" " tag="035">
<subfield code="a">(DE-599)DNB1227925174</subfield>
</datafield>
<datafield ind1=" " ind2=" " tag="035">
<subfield code="a">(OCoLC)1240324729</subfield>
</datafield>
<datafield ind1=" " ind2=" " tag="040">
<subfield code="a">1140</subfield>
<subfield code="b">ger</subfield>
<subfield code="c">DE-101</subfield>
<subfield code="d">9999</subfield>
</datafield>
<datafield ind1=" " ind2=" " tag="041">
<subfield code="8">1\p</subfield>
<subfield code="a">ger</subfield>
</datafield>
<datafield ind1=" " ind2=" " tag="044">
<subfield code="c">XA-DE-BB</subfield>
</datafield>
<datafield ind1="7" ind2="4" tag="082">
<subfield code="8">8\p</subfield>
<subfield code="a">741.5</subfield>
<subfield code="q">DE-101</subfield>
<subfield code="2">23sdnb</subfield>
</datafield>
<datafield ind1="1" ind2=" " tag="100">
<subfield code="8">2\p</subfield>
<subfield code="a">Kaschuba, Nora</subfield>
<subfield code="e">Verfasser</subfield>
<subfield code="4">aut</subfield>
</datafield>
<datafield ind1="1" ind2="0" tag="245">
<subfield code="a">Die montierte Stadt. Das Berlin der Weimarer Republik in zwei Graphic Novels der 2000er Jahre</subfield>
<subfield code="c">Nora Kaschuba</subfield>
</datafield>
<datafield ind1=" " ind2="1" tag="264">
<subfield code="a">Potsdam</subfield>
<subfield code="b">Leibniz-Zentrum für Zeithistorische Forschung Potsdam (ZZF)</subfield>
<subfield code="c">2021</subfield>
</datafield>
<datafield ind1=" " ind2=" " tag="300">
<subfield code="a">Online-Ressource</subfield>
</datafield>
<datafield ind1=" " ind2=" " tag="336">
<subfield code="a">Text</subfield>
<subfield code="b">txt</subfield>
<subfield code="2">rdacontent</subfield>
</datafield>
<datafield ind1=" " ind2=" " tag="337">
<subfield code="a">Computermedien</subfield>
<subfield code="b">c</subfield>
<subfield code="2">rdamedia</subfield>
</datafield>
<datafield ind1=" " ind2=" " tag="338">
<subfield code="a">Online-Ressource</subfield>
<subfield code="b">cr</subfield>
<subfield code="2">rdacarrier</subfield>
</datafield>
<datafield ind1="1" ind2=" " tag="583">
<subfield code="a">Archivierung/Langzeitarchivierung gewährleistet</subfield>
<subfield code="5">DE-101</subfield>
<subfield code="2">pdager</subfield>
</datafield>
<datafield ind1=" " ind2="7" tag="650">
<subfield code="8">4\p</subfield>
<subfield code="0">(DE-588)4694905-7</subfield>
<subfield code="0">https://d-nb.info/gnd/4694905-7</subfield>
<subfield code="0">(DE-101)964948141</subfield>
<subfield code="a">Montierung</subfield>
<subfield code="g">Kunsthandwerk</subfield>
<subfield code="2">gnd</subfield>
</datafield>
<datafield ind1=" " ind2="7" tag="650">
<subfield code="8">5\p</subfield>
<subfield code="0">(DE-588)4065109-5</subfield>
<subfield code="0">https://d-nb.info/gnd/4065109-5</subfield>
<subfield code="0">(DE-101)040651096</subfield>
<subfield code="a">Weimarer Republik</subfield>
<subfield code="2">gnd</subfield>
</datafield>
<datafield ind1=" " ind2="7" tag="650">
<subfield code="8">6\p</subfield>
<subfield code="0">(DE-588)4010427-8</subfield>
<subfield code="0">https://d-nb.info/gnd/4010427-8</subfield>
<subfield code="0">(DE-101)040104273</subfield>
<subfield code="a">Comic</subfield>
<subfield code="2">gnd</subfield>
</datafield>
<datafield ind1=" " ind2="7" tag="650">
<subfield code="8">7\p</subfield>
<subfield code="0">(DE-588)4056723-0</subfield>
<subfield code="0">https://d-nb.info/gnd/4056723-0</subfield>
<subfield code="0">(DE-101)040567230</subfield>
<subfield code="a">Stadt</subfield>
<subfield code="2">gnd</subfield>
</datafield>
<datafield ind1=" " ind2="7" tag="651">
<subfield code="8">3\p</subfield>
<subfield code="0">(DE-588)4005728-8</subfield>
<subfield code="0">https://d-nb.info/gnd/4005728-8</subfield>
<subfield code="0">(DE-101)040057283</subfield>
<subfield code="a">Berlin</subfield>
<subfield code="2">gnd</subfield>
</datafield>
<datafield ind1=" " ind2=" " tag="850">
<subfield code="a">DE-101a</subfield>
<subfield code="a">DE-101b</subfield>
</datafield>
<datafield ind1="4" ind2="0" tag="856">
<subfield code="u">https://doi.org/10.14765/zzf.dok-2116</subfield>
<subfield code="x">Resolving-System</subfield>
</datafield>
<datafield ind1="4" ind2="0" tag="856">
<subfield code="u">https://nbn-resolving.org/urn:nbn:de:101:1-2021022300552568267616</subfield>
<subfield code="x">Resolving-System</subfield>
</datafield>
<datafield ind1=" " ind2="0" tag="856">
<subfield code="u">https://d-nb.info/1227925174/34</subfield>
<subfield code="x">Langzeitarchivierung Nationalbibliothek</subfield>
</datafield>
<datafield ind1="4" ind2=" " tag="856">
<subfield code="q">application/pdf</subfield>
<subfield code="u">https://visual-history.de/2021/02/02/die-montierte-stadt/</subfield>
<subfield code="x">Verlag</subfield>
<subfield code="z">kostenfrei</subfield>
</datafield>
<datafield ind1="4" ind2=" " tag="856">
<subfield code="u">https://zeitgeschichte-digital.de/doks/frontdoor/index/index/docId/2116</subfield>
<subfield code="x">Verlag</subfield>
<subfield code="z">kostenfrei</subfield>
</datafield>
<datafield ind1="1" ind2=" " tag="883">
<subfield code="8">1\p</subfield>
<subfield code="a">npi</subfield>
<subfield code="d">20210223</subfield>
<subfield code="q">DE-101</subfield>
<subfield code="u">https://d-nb.info/provenance/plan#npi</subfield>
</datafield>
<datafield ind1="1" ind2=" " tag="883">
<subfield code="8">2\p</subfield>
<subfield code="a">npi</subfield>
<subfield code="d">20210223</subfield>
<subfield code="q">DE-101</subfield>
<subfield code="u">https://d-nb.info/provenance/plan#npi</subfield>
</datafield>
<datafield ind1="0" ind2=" " tag="883">
<subfield code="8">3\p</subfield>
<subfield code="a">aepgnd</subfield>
<subfield code="c">0,33025</subfield>
<subfield code="d">20210223</subfield>
<subfield code="q">DE-101</subfield>
<subfield code="u">https://d-nb.info/provenance/plan#aepgnd</subfield>
</datafield>
<datafield ind1="0" ind2=" " tag="883">
<subfield code="8">4\p</subfield>
<subfield code="a">aepgnd</subfield>
<subfield code="c">0,05890</subfield>
<subfield code="d">20210223</subfield>
<subfield code="q">DE-101</subfield>
<subfield code="u">https://d-nb.info/provenance/plan#aepgnd</subfield>
</datafield>
<datafield ind1="0" ind2=" " tag="883">
<subfield code="8">5\p</subfield>
<subfield code="a">aepgnd</subfield>
<subfield code="c">0,04147</subfield>
<subfield code="d">20210223</subfield>
<subfield code="q">DE-101</subfield>
<subfield code="u">https://d-nb.info/provenance/plan#aepgnd</subfield>
</datafield>
<datafield ind1="0" ind2=" " tag="883">
<subfield code="8">6\p</subfield>
<subfield code="a">aepgnd</subfield>
<subfield code="c">0,03457</subfield>
<subfield code="d">20210223</subfield>
<subfield code="q">DE-101</subfield>
<subfield code="u">https://d-nb.info/provenance/plan#aepgnd</subfield>
</datafield>
<datafield ind1="0" ind2=" " tag="883">
<subfield code="8">7\p</subfield>
<subfield code="a">aepgnd</subfield>
<subfield code="c">0,03127</subfield>
<subfield code="d">20210223</subfield>
<subfield code="q">DE-101</subfield>
<subfield code="u">https://d-nb.info/provenance/plan#aepgnd</subfield>
</datafield>
<datafield ind1="0" ind2=" " tag="883">
<subfield code="8">8\p</subfield>
<subfield code="a">aepsg</subfield>
<subfield code="c">0,98298</subfield>
<subfield code="d">20210223</subfield>
<subfield code="q">DE-101</subfield>
<subfield code="u">https://d-nb.info/provenance/plan#aepsg</subfield>
</datafield>
<datafield ind1="r" ind2=" " tag="925">
<subfield code="a">ro</subfield>
<subfield code="a">rb</subfield>
</datafield>
<datafield ind1=" " ind2=" " tag="927">
<subfield code="a">656474133</subfield>
</datafield>
</record>