<record type="Bibliographic" xmlns="http://www.loc.gov/MARC21/slim">
<leader>00000nam a2200000uc 4500</leader>
<controlfield tag="001">1231670754</controlfield>
<controlfield tag="003">DE-101</controlfield>
<controlfield tag="005">20260331111954.0</controlfield>
<controlfield tag="007">cr||||||||||||</controlfield>
<controlfield tag="008">210418s2021    gw |||||o|||| 00||||eng  </controlfield>
<datafield ind1=" " ind2=" " tag="015">
<subfield code="a">21,O05</subfield>
<subfield code="2">dnb</subfield>
</datafield>
<datafield ind1="7" ind2=" " tag="016">
<subfield code="2">DE-101</subfield>
<subfield code="a">1231670754</subfield>
</datafield>
<datafield ind1=" " ind2=" " tag="020">
<subfield code="a">9783839449172</subfield>
<subfield code="9">978-3-8394-4917-2</subfield>
</datafield>
<datafield ind1="7" ind2=" " tag="024">
<subfield code="2">urn</subfield>
<subfield code="a">urn:nbn:de:101:1-2021041804554897160960</subfield>
</datafield>
<datafield ind1=" " ind2=" " tag="035">
<subfield code="a">(DE-599)DNB1231670754</subfield>
</datafield>
<datafield ind1=" " ind2=" " tag="040">
<subfield code="a">1140</subfield>
<subfield code="b">ger</subfield>
<subfield code="c">DE-101</subfield>
<subfield code="d">1150</subfield>
</datafield>
<datafield ind1=" " ind2=" " tag="041">
<subfield code="8">1\p</subfield>
<subfield code="a">eng</subfield>
</datafield>
<datafield ind1=" " ind2=" " tag="044">
<subfield code="c">XA-DE-NW</subfield>
</datafield>
<datafield ind1="0" ind2="4" tag="082">
<subfield code="8">14\u</subfield>
<subfield code="8">15\p</subfield>
<subfield code="a">741.5353</subfield>
<subfield code="q">DE-101</subfield>
<subfield code="2">23/ger</subfield>
</datafield>
<datafield ind1="7" ind2=" " tag="083">
<subfield code="8">16\p</subfield>
<subfield code="a">741.5</subfield>
<subfield code="q">DE-101</subfield>
<subfield code="2">23sdnb</subfield>
</datafield>
<datafield ind1=" " ind2=" " tag="085">
<subfield code="8">14\u</subfield>
<subfield code="b">741.53</subfield>
</datafield>
<datafield ind1=" " ind2=" " tag="085">
<subfield code="8">14\u</subfield>
<subfield code="z">3C</subfield>
<subfield code="s">353</subfield>
</datafield>
<datafield ind1="1" ind2=" " tag="100">
<subfield code="8">3\p</subfield>
<subfield code="0">(DE-588)1232649260</subfield>
<subfield code="0">https://d-nb.info/gnd/1232649260</subfield>
<subfield code="0">(DE-101)1232649260</subfield>
<subfield code="a">Linke, Kai</subfield>
<subfield code="d">1981-</subfield>
<subfield code="e">Verfasser</subfield>
<subfield code="4">aut</subfield>
<subfield code="2">gnd</subfield>
</datafield>
<datafield ind1="1" ind2="0" tag="245">
<subfield code="a">Good White Queers?</subfield>
<subfield code="b">Racism and Whiteness in Queer U.S. Comics</subfield>
<subfield code="c">Kai Linke</subfield>
</datafield>
<datafield ind1=" " ind2="1" tag="264">
<subfield code="a">Bielefeld</subfield>
<subfield code="b">transcript Verlag</subfield>
<subfield code="c">2021</subfield>
</datafield>
<datafield ind1=" " ind2=" " tag="300">
<subfield code="a">Online-Ressource, 332 Seiten</subfield>
<subfield code="b">Dispersionsbindung, 40 SW-Abbildungen, 1 Farbabbildung</subfield>
</datafield>
<datafield ind1=" " ind2=" " tag="336">
<subfield code="a">Text</subfield>
<subfield code="b">txt</subfield>
<subfield code="2">rdacontent</subfield>
</datafield>
<datafield ind1=" " ind2=" " tag="337">
<subfield code="a">Computermedien</subfield>
<subfield code="b">c</subfield>
<subfield code="2">rdamedia</subfield>
</datafield>
<datafield ind1=" " ind2=" " tag="338">
<subfield code="a">Online-Ressource</subfield>
<subfield code="b">cr</subfield>
<subfield code="2">rdacarrier</subfield>
</datafield>
<datafield ind1="1" ind2=" " tag="490">
<subfield code="a">Queer Studies</subfield>
<subfield code="v">23</subfield>
</datafield>
<datafield ind1="0" ind2=" " tag="506">
<subfield code="a">Open Access</subfield>
<subfield code="f">Unrestricted online access</subfield>
<subfield code="u">http://purl.org/coar/access_right/c_abf2</subfield>
<subfield code="2">star</subfield>
</datafield>
<datafield ind1=" " ind2=" " tag="540">
<subfield code="u">https://creativecommons.org/licenses/by/4.0/</subfield>
</datafield>
<datafield ind1="1" ind2=" " tag="583">
<subfield code="a">Archivierung/Langzeitarchivierung gewährleistet</subfield>
<subfield code="5">DE-101</subfield>
<subfield code="2">pdager</subfield>
</datafield>
<datafield ind1=" " ind2="7" tag="650">
<subfield code="8">6\p</subfield>
<subfield code="0">(DE-588)4010427-8</subfield>
<subfield code="0">https://d-nb.info/gnd/4010427-8</subfield>
<subfield code="0">(DE-101)040104273</subfield>
<subfield code="a">Comic</subfield>
<subfield code="9">rswk-swf</subfield>
<subfield code="2">gnd</subfield>
</datafield>
<datafield ind1=" " ind2="7" tag="650">
<subfield code="8">8\p</subfield>
<subfield code="0">(DE-588)1058351885</subfield>
<subfield code="0">https://d-nb.info/gnd/1058351885</subfield>
<subfield code="0">(DE-101)1058351885</subfield>
<subfield code="a">LGBT</subfield>
<subfield code="g">Motiv</subfield>
<subfield code="9">rswk-swf</subfield>
<subfield code="2">gnd</subfield>
</datafield>
<datafield ind1=" " ind2="7" tag="650">
<subfield code="8">10\p</subfield>
<subfield code="0">(DE-588)4140565-1</subfield>
<subfield code="0">https://d-nb.info/gnd/4140565-1</subfield>
<subfield code="0">(DE-101)04140565X</subfield>
<subfield code="a">Weiße</subfield>
<subfield code="g">Motiv</subfield>
<subfield code="9">rswk-swf</subfield>
<subfield code="2">gnd</subfield>
</datafield>
<datafield ind1=" " ind2="7" tag="650">
<subfield code="8">12\p</subfield>
<subfield code="0">(DE-588)4306688-4</subfield>
<subfield code="0">https://d-nb.info/gnd/4306688-4</subfield>
<subfield code="0">(DE-101)043066887</subfield>
<subfield code="a">Rassismus</subfield>
<subfield code="g">Motiv</subfield>
<subfield code="9">rswk-swf</subfield>
<subfield code="2">gnd</subfield>
</datafield>
<datafield ind1=" " ind2="7" tag="651">
<subfield code="8">4\p</subfield>
<subfield code="0">(DE-588)4078704-7</subfield>
<subfield code="0">https://d-nb.info/gnd/4078704-7</subfield>
<subfield code="0">(DE-101)040787044</subfield>
<subfield code="a">USA</subfield>
<subfield code="9">rswk-swf</subfield>
<subfield code="2">gnd</subfield>
</datafield>
<datafield ind1=" " ind2=" " tag="653">
<subfield code="a">(Produktform)Electronic book text</subfield>
</datafield>
<datafield ind1=" " ind2=" " tag="653">
<subfield code="a">(Zielgruppe)Fachpublikum/ Wissenschaft</subfield>
</datafield>
<datafield ind1=" " ind2=" " tag="653">
<subfield code="a">Racism</subfield>
</datafield>
<datafield ind1=" " ind2=" " tag="653">
<subfield code="a">Whiteness</subfield>
</datafield>
<datafield ind1=" " ind2=" " tag="653">
<subfield code="a">Queer Theory</subfield>
</datafield>
<datafield ind1=" " ind2=" " tag="653">
<subfield code="a">Sexuality</subfield>
</datafield>
<datafield ind1=" " ind2=" " tag="653">
<subfield code="a">Gender</subfield>
</datafield>
<datafield ind1=" " ind2=" " tag="653">
<subfield code="a">Media</subfield>
</datafield>
<datafield ind1=" " ind2=" " tag="653">
<subfield code="a">Comic</subfield>
</datafield>
<datafield ind1=" " ind2=" " tag="653">
<subfield code="a">Gender Studies</subfield>
</datafield>
<datafield ind1=" " ind2=" " tag="653">
<subfield code="a">Cultural Studies</subfield>
</datafield>
<datafield ind1=" " ind2=" " tag="653">
<subfield code="a">(DDC Deutsch 22)740</subfield>
</datafield>
<datafield ind1=" " ind2=" " tag="653">
<subfield code="a">(BIC subject category)JFSL</subfield>
</datafield>
<datafield ind1=" " ind2=" " tag="653">
<subfield code="a">(BIC subject category)AKLC</subfield>
</datafield>
<datafield ind1=" " ind2=" " tag="653">
<subfield code="a">(BIC subject category)FZG</subfield>
</datafield>
<datafield ind1=" " ind2=" " tag="653">
<subfield code="a">(VLB-WN)9726</subfield>
</datafield>
<datafield ind1=" " ind2=" " tag="653">
<subfield code="a">Comics</subfield>
</datafield>
<datafield ind1=" " ind2=" " tag="653">
<subfield code="a">(DDC Deutsch 22)300</subfield>
</datafield>
<datafield ind1=" " ind2=" " tag="653">
<subfield code="a">(BISAC Subject Heading)SOC012000</subfield>
</datafield>
<datafield ind1=" " ind2=" " tag="653">
<subfield code="a">(BIC subject category)JFSK</subfield>
</datafield>
<datafield ind1=" " ind2="7" tag="655">
<subfield code="8">2\p</subfield>
<subfield code="0">(DE-588)4113937-9</subfield>
<subfield code="0">https://d-nb.info/gnd/4113937-9</subfield>
<subfield code="0">(DE-101)041139372</subfield>
<subfield code="a">Hochschulschrift</subfield>
<subfield code="2">gnd-content</subfield>
</datafield>
<datafield ind1="0" ind2="0" tag="689">
<subfield code="8">5\p</subfield>
<subfield code="0">(DE-588)4078704-7</subfield>
<subfield code="0">https://d-nb.info/gnd/4078704-7</subfield>
<subfield code="0">(DE-101)040787044</subfield>
<subfield code="D">g</subfield>
<subfield code="a">USA</subfield>
</datafield>
<datafield ind1="0" ind2="1" tag="689">
<subfield code="8">7\p</subfield>
<subfield code="0">(DE-588)4010427-8</subfield>
<subfield code="0">https://d-nb.info/gnd/4010427-8</subfield>
<subfield code="0">(DE-101)040104273</subfield>
<subfield code="D">s</subfield>
<subfield code="a">Comic</subfield>
</datafield>
<datafield ind1="0" ind2="2" tag="689">
<subfield code="8">9\p</subfield>
<subfield code="0">(DE-588)1058351885</subfield>
<subfield code="0">https://d-nb.info/gnd/1058351885</subfield>
<subfield code="0">(DE-101)1058351885</subfield>
<subfield code="D">s</subfield>
<subfield code="a">LGBT</subfield>
<subfield code="g">Motiv</subfield>
</datafield>
<datafield ind1="0" ind2="3" tag="689">
<subfield code="8">11\p</subfield>
<subfield code="0">(DE-588)4140565-1</subfield>
<subfield code="0">https://d-nb.info/gnd/4140565-1</subfield>
<subfield code="0">(DE-101)04140565X</subfield>
<subfield code="D">s</subfield>
<subfield code="a">Weiße</subfield>
<subfield code="g">Motiv</subfield>
</datafield>
<datafield ind1="0" ind2="4" tag="689">
<subfield code="8">13\p</subfield>
<subfield code="0">(DE-588)4306688-4</subfield>
<subfield code="0">https://d-nb.info/gnd/4306688-4</subfield>
<subfield code="0">(DE-101)043066887</subfield>
<subfield code="D">s</subfield>
<subfield code="a">Rassismus</subfield>
<subfield code="g">Motiv</subfield>
</datafield>
<datafield ind1="0" ind2=" " tag="689">
<subfield code="5">DE-101</subfield>
<subfield code="5">DE-101</subfield>
</datafield>
<datafield ind1="0" ind2="8" tag="776">
<subfield code="i">Erscheint auch als</subfield>
<subfield code="n">Druck-Ausgabe</subfield>
<subfield code="a">Linke, Kai, 1981-</subfield>
<subfield code="t">Good white queers?</subfield>
<subfield code="d">Bielefeld : transcript, [2021]</subfield>
<subfield code="h">329 Seiten, Illustrationen</subfield>
<subfield code="w">(DE-101)1198510544</subfield>
</datafield>
<datafield ind1=" " ind2="0" tag="830">
<subfield code="a">Queer Studies</subfield>
<subfield code="v">23</subfield>
</datafield>
<datafield ind1=" " ind2=" " tag="850">
<subfield code="a">DE-101a</subfield>
<subfield code="a">DE-101b</subfield>
</datafield>
<datafield ind1="4" ind2="0" tag="856">
<subfield code="u">https://nbn-resolving.org/urn:nbn:de:101:1-2021041804554897160960</subfield>
<subfield code="x">Resolving-System</subfield>
</datafield>
<datafield ind1=" " ind2="0" tag="856">
<subfield code="u">https://d-nb.info/1231670754/34</subfield>
<subfield code="x">Langzeitarchivierung Nationalbibliothek</subfield>
</datafield>
<datafield ind1="4" ind2=" " tag="856">
<subfield code="q">application/pdf</subfield>
<subfield code="u">http://www.transcript-verlag.de/978-3-8376-4917-8</subfield>
<subfield code="x">Verlag</subfield>
</datafield>
<datafield ind1="2" ind2=" " tag="883">
<subfield code="8">1\p</subfield>
<subfield code="a">dnb-pa</subfield>
<subfield code="d">20210723</subfield>
<subfield code="q">DE-101</subfield>
<subfield code="u">https://d-nb.info/provenance/plan#dnb-pa</subfield>
</datafield>
<datafield ind1="2" ind2=" " tag="883">
<subfield code="8">2\p</subfield>
<subfield code="a">dnb-pa</subfield>
<subfield code="d">20210723</subfield>
<subfield code="q">DE-101</subfield>
<subfield code="u">https://d-nb.info/provenance/plan#dnb-pa</subfield>
</datafield>
<datafield ind1="2" ind2=" " tag="883">
<subfield code="8">3\p</subfield>
<subfield code="a">dnb-pa</subfield>
<subfield code="d">20210723</subfield>
<subfield code="q">DE-101</subfield>
<subfield code="u">https://d-nb.info/provenance/plan#dnb-pa</subfield>
</datafield>
<datafield ind1="2" ind2=" " tag="883">
<subfield code="8">4\p</subfield>
<subfield code="a">dnb-pa</subfield>
<subfield code="d">20210723</subfield>
<subfield code="q">DE-101</subfield>
<subfield code="u">https://d-nb.info/provenance/plan#dnb-pa</subfield>
</datafield>
<datafield ind1="2" ind2=" " tag="883">
<subfield code="8">5\p</subfield>
<subfield code="a">dnb-pa</subfield>
<subfield code="d">20210723</subfield>
<subfield code="q">DE-101</subfield>
<subfield code="u">https://d-nb.info/provenance/plan#dnb-pa</subfield>
</datafield>
<datafield ind1="2" ind2=" " tag="883">
<subfield code="8">6\p</subfield>
<subfield code="a">dnb-pa</subfield>
<subfield code="d">20210723</subfield>
<subfield code="q">DE-101</subfield>
<subfield code="u">https://d-nb.info/provenance/plan#dnb-pa</subfield>
</datafield>
<datafield ind1="2" ind2=" " tag="883">
<subfield code="8">7\p</subfield>
<subfield code="a">dnb-pa</subfield>
<subfield code="d">20210723</subfield>
<subfield code="q">DE-101</subfield>
<subfield code="u">https://d-nb.info/provenance/plan#dnb-pa</subfield>
</datafield>
<datafield ind1="2" ind2=" " tag="883">
<subfield code="8">8\p</subfield>
<subfield code="a">dnb-pa</subfield>
<subfield code="d">20210723</subfield>
<subfield code="q">DE-101</subfield>
<subfield code="u">https://d-nb.info/provenance/plan#dnb-pa</subfield>
</datafield>
<datafield ind1="2" ind2=" " tag="883">
<subfield code="8">9\p</subfield>
<subfield code="a">dnb-pa</subfield>
<subfield code="d">20210723</subfield>
<subfield code="q">DE-101</subfield>
<subfield code="u">https://d-nb.info/provenance/plan#dnb-pa</subfield>
</datafield>
<datafield ind1="2" ind2=" " tag="883">
<subfield code="8">10\p</subfield>
<subfield code="a">dnb-pa</subfield>
<subfield code="d">20210723</subfield>
<subfield code="q">DE-101</subfield>
<subfield code="u">https://d-nb.info/provenance/plan#dnb-pa</subfield>
</datafield>
<datafield ind1="2" ind2=" " tag="883">
<subfield code="8">11\p</subfield>
<subfield code="a">dnb-pa</subfield>
<subfield code="d">20210723</subfield>
<subfield code="q">DE-101</subfield>
<subfield code="u">https://d-nb.info/provenance/plan#dnb-pa</subfield>
</datafield>
<datafield ind1="2" ind2=" " tag="883">
<subfield code="8">12\p</subfield>
<subfield code="a">dnb-pa</subfield>
<subfield code="d">20210723</subfield>
<subfield code="q">DE-101</subfield>
<subfield code="u">https://d-nb.info/provenance/plan#dnb-pa</subfield>
</datafield>
<datafield ind1="2" ind2=" " tag="883">
<subfield code="8">13\p</subfield>
<subfield code="a">dnb-pa</subfield>
<subfield code="d">20210723</subfield>
<subfield code="q">DE-101</subfield>
<subfield code="u">https://d-nb.info/provenance/plan#dnb-pa</subfield>
</datafield>
<datafield ind1="2" ind2=" " tag="883">
<subfield code="8">15\p</subfield>
<subfield code="a">dnb-pa</subfield>
<subfield code="d">20210723</subfield>
<subfield code="q">DE-101</subfield>
<subfield code="u">https://d-nb.info/provenance/plan#dnb-pa</subfield>
</datafield>
<datafield ind1="2" ind2=" " tag="883">
<subfield code="8">16\p</subfield>
<subfield code="a">dnb-pa</subfield>
<subfield code="d">20210723</subfield>
<subfield code="q">DE-101</subfield>
<subfield code="u">https://d-nb.info/provenance/plan#dnb-pa</subfield>
</datafield>
<datafield ind1="r" ind2=" " tag="925">
<subfield code="a">ro</subfield>
<subfield code="a">ra</subfield>
</datafield>
<datafield ind1="1" ind2=" " tag="926">
<subfield code="a">JBSJ</subfield>
<subfield code="o">93</subfield>
</datafield>
<datafield ind1="2" ind2=" " tag="926">
<subfield code="a">JBSL1</subfield>
<subfield code="o">93</subfield>
</datafield>
<datafield ind1="2" ind2=" " tag="926">
<subfield code="a">AKLC1</subfield>
<subfield code="o">93</subfield>
</datafield>
<datafield ind1=" " ind2=" " tag="927">
<subfield code="a">375128072</subfield>
</datafield>
</record>