<record type="Bibliographic" xmlns="http://www.loc.gov/MARC21/slim">
<leader>00000naa a2200000uc 4500</leader>
<controlfield tag="001">1269540440</controlfield>
<controlfield tag="003">DE-101</controlfield>
<controlfield tag="005">20250217154755.0</controlfield>
<controlfield tag="007">cr||||||||||||</controlfield>
<controlfield tag="008">221005s2021    gw |||||o|||| 00||||ger  </controlfield>
<datafield ind1=" " ind2=" " tag="015">
<subfield code="a">22,O11</subfield>
<subfield code="2">dnb</subfield>
</datafield>
<datafield ind1="7" ind2=" " tag="016">
<subfield code="2">DE-101</subfield>
<subfield code="a">1269540440</subfield>
</datafield>
<datafield ind1="7" ind2=" " tag="024">
<subfield code="a">10.20378/irb-49914</subfield>
<subfield code="2">doi</subfield>
</datafield>
<datafield ind1="7" ind2=" " tag="024">
<subfield code="2">urn</subfield>
<subfield code="a">urn:nbn:de:bvb:473-irb-499144</subfield>
</datafield>
<datafield ind1=" " ind2=" " tag="035">
<subfield code="a">(DE-599)DNB1269540440</subfield>
</datafield>
<datafield ind1=" " ind2=" " tag="040">
<subfield code="a">1240</subfield>
<subfield code="b">ger</subfield>
<subfield code="c">DE-101</subfield>
<subfield code="d">1250</subfield>
</datafield>
<datafield ind1=" " ind2=" " tag="041">
<subfield code="8">1\p</subfield>
<subfield code="a">ger</subfield>
</datafield>
<datafield ind1=" " ind2=" " tag="044">
<subfield code="c">XA-DE-BY</subfield>
</datafield>
<datafield ind1="7" ind2="4" tag="082">
<subfield code="8">8\p</subfield>
<subfield code="a">741.5</subfield>
<subfield code="a">800</subfield>
<subfield code="q">DE-101</subfield>
<subfield code="2">23sdnb</subfield>
</datafield>
<datafield ind1=" " ind2=" " tag="084">
<subfield code="a">EC 7120</subfield>
<subfield code="2">rvk</subfield>
</datafield>
<datafield ind1=" " ind2=" " tag="084">
<subfield code="a">AP 88910</subfield>
<subfield code="2">rvk</subfield>
</datafield>
<datafield ind1="1" ind2=" " tag="100">
<subfield code="8">2\p</subfield>
<subfield code="0">(DE-588)1100724729</subfield>
<subfield code="0">https://d-nb.info/gnd/1100724729</subfield>
<subfield code="0">(DE-101)1100724729</subfield>
<subfield code="0">(orcid)0000-0003-1623-8630</subfield>
<subfield code="a">Ingold, Julia</subfield>
<subfield code="d">1987-</subfield>
<subfield code="e">Verfasser</subfield>
<subfield code="4">aut</subfield>
<subfield code="2">gnd</subfield>
</datafield>
<datafield ind1="1" ind2="0" tag="245">
<subfield code="a">"Schöne Selbstbespiegelung"</subfield>
<subfield code="b">Romantische Ironie und die moderne Kunstform des Comics</subfield>
<subfield code="c">Julia Ingold</subfield>
</datafield>
<datafield ind1=" " ind2="1" tag="264">
<subfield code="a">Bamberg</subfield>
<subfield code="b">Otto-Friedrich-Universität Bamberg</subfield>
<subfield code="c">2021</subfield>
</datafield>
<datafield ind1=" " ind2=" " tag="300">
<subfield code="a">Online-Ressource</subfield>
</datafield>
<datafield ind1=" " ind2=" " tag="336">
<subfield code="a">Text</subfield>
<subfield code="b">txt</subfield>
<subfield code="2">rdacontent</subfield>
</datafield>
<datafield ind1=" " ind2=" " tag="337">
<subfield code="a">Computermedien</subfield>
<subfield code="b">c</subfield>
<subfield code="2">rdamedia</subfield>
</datafield>
<datafield ind1=" " ind2=" " tag="338">
<subfield code="a">Online-Ressource</subfield>
<subfield code="b">cr</subfield>
<subfield code="2">rdacarrier</subfield>
</datafield>
<datafield ind1="0" ind2=" " tag="506">
<subfield code="a">Open Access</subfield>
<subfield code="f">Unrestricted online access</subfield>
<subfield code="u">http://purl.org/coar/access_right/c_abf2</subfield>
<subfield code="2">star</subfield>
</datafield>
<datafield ind1=" " ind2=" " tag="540">
<subfield code="f">cc-by-4.0</subfield>
<subfield code="u">https://creativecommons.org/licenses/by/4.0/deed.de</subfield>
</datafield>
<datafield ind1="1" ind2=" " tag="583">
<subfield code="a">Archivierung/Langzeitarchivierung gewährleistet</subfield>
<subfield code="5">DE-101</subfield>
<subfield code="2">pdager</subfield>
</datafield>
<datafield ind1=" " ind2="7" tag="648">
<subfield code="a">Geschichte 1790-1830</subfield>
<subfield code="9">rswk-swf</subfield>
<subfield code="2">gnd</subfield>
</datafield>
<datafield ind1=" " ind2="7" tag="648">
<subfield code="a">Geschichte</subfield>
<subfield code="9">rswk-swf</subfield>
<subfield code="2">gnd</subfield>
</datafield>
<datafield ind1=" " ind2="7" tag="650">
<subfield code="0">(DE-588)4050491-8</subfield>
<subfield code="0">https://d-nb.info/gnd/4050491-8</subfield>
<subfield code="0">(DE-101)040504913</subfield>
<subfield code="a">Romantik</subfield>
<subfield code="9">rswk-swf</subfield>
<subfield code="2">gnd</subfield>
</datafield>
<datafield ind1=" " ind2="7" tag="650">
<subfield code="0">(DE-588)4027676-4</subfield>
<subfield code="0">https://d-nb.info/gnd/4027676-4</subfield>
<subfield code="0">(DE-101)040276767</subfield>
<subfield code="a">Ironie</subfield>
<subfield code="9">rswk-swf</subfield>
<subfield code="2">gnd</subfield>
</datafield>
<datafield ind1=" " ind2="7" tag="650">
<subfield code="0">(DE-588)4049716-1</subfield>
<subfield code="0">https://d-nb.info/gnd/4049716-1</subfield>
<subfield code="0">(DE-101)04049716X</subfield>
<subfield code="a">Rezeption</subfield>
<subfield code="9">rswk-swf</subfield>
<subfield code="2">gnd</subfield>
</datafield>
<datafield ind1=" " ind2="7" tag="650">
<subfield code="0">(DE-588)4010427-8</subfield>
<subfield code="0">https://d-nb.info/gnd/4010427-8</subfield>
<subfield code="0">(DE-101)040104273</subfield>
<subfield code="a">Comic</subfield>
<subfield code="9">rswk-swf</subfield>
<subfield code="2">gnd</subfield>
</datafield>
<datafield ind1=" " ind2="7" tag="650">
<subfield code="8">3\p</subfield>
<subfield code="0">(DE-588)4010427-8</subfield>
<subfield code="0">https://d-nb.info/gnd/4010427-8</subfield>
<subfield code="0">(DE-101)040104273</subfield>
<subfield code="a">Comic</subfield>
<subfield code="2">gnd</subfield>
</datafield>
<datafield ind1=" " ind2="7" tag="650">
<subfield code="8">4\p</subfield>
<subfield code="0">(DE-588)4050491-8</subfield>
<subfield code="0">https://d-nb.info/gnd/4050491-8</subfield>
<subfield code="0">(DE-101)040504913</subfield>
<subfield code="a">Romantik</subfield>
<subfield code="2">gnd</subfield>
</datafield>
<datafield ind1=" " ind2="7" tag="650">
<subfield code="8">5\p</subfield>
<subfield code="0">(DE-588)4027676-4</subfield>
<subfield code="0">https://d-nb.info/gnd/4027676-4</subfield>
<subfield code="0">(DE-101)040276767</subfield>
<subfield code="a">Ironie</subfield>
<subfield code="2">gnd</subfield>
</datafield>
<datafield ind1=" " ind2="7" tag="650">
<subfield code="8">6\p</subfield>
<subfield code="0">(DE-588)7658564-5</subfield>
<subfield code="0">https://d-nb.info/gnd/7658564-5</subfield>
<subfield code="0">(DE-101)994198280</subfield>
<subfield code="a">Graphic Novel</subfield>
<subfield code="2">gnd</subfield>
</datafield>
<datafield ind1=" " ind2="7" tag="650">
<subfield code="8">7\p</subfield>
<subfield code="0">(DE-588)4035964-5</subfield>
<subfield code="0">https://d-nb.info/gnd/4035964-5</subfield>
<subfield code="0">(DE-101)040359646</subfield>
<subfield code="a">Literatur</subfield>
<subfield code="2">gnd</subfield>
</datafield>
<datafield ind1="0" ind2="0" tag="689">
<subfield code="0">(DE-588)4050491-8</subfield>
<subfield code="0">https://d-nb.info/gnd/4050491-8</subfield>
<subfield code="0">(DE-101)040504913</subfield>
<subfield code="D">s</subfield>
<subfield code="a">Romantik</subfield>
</datafield>
<datafield ind1="0" ind2="1" tag="689">
<subfield code="0">(DE-588)4027676-4</subfield>
<subfield code="0">https://d-nb.info/gnd/4027676-4</subfield>
<subfield code="0">(DE-101)040276767</subfield>
<subfield code="D">s</subfield>
<subfield code="a">Ironie</subfield>
</datafield>
<datafield ind1="0" ind2="2" tag="689">
<subfield code="A">z</subfield>
<subfield code="a">Geschichte 1790-1830</subfield>
</datafield>
<datafield ind1="0" ind2="3" tag="689">
<subfield code="0">(DE-588)4049716-1</subfield>
<subfield code="0">https://d-nb.info/gnd/4049716-1</subfield>
<subfield code="0">(DE-101)04049716X</subfield>
<subfield code="D">s</subfield>
<subfield code="a">Rezeption</subfield>
</datafield>
<datafield ind1="0" ind2="4" tag="689">
<subfield code="0">(DE-588)4010427-8</subfield>
<subfield code="0">https://d-nb.info/gnd/4010427-8</subfield>
<subfield code="0">(DE-101)040104273</subfield>
<subfield code="D">s</subfield>
<subfield code="a">Comic</subfield>
</datafield>
<datafield ind1="0" ind2="5" tag="689">
<subfield code="A">z</subfield>
<subfield code="a">Geschichte</subfield>
</datafield>
<datafield ind1="0" ind2=" " tag="689">
<subfield code="5">DE-101</subfield>
<subfield code="5">DE-101</subfield>
</datafield>
<datafield ind1="0" ind2="8" tag="773">
<subfield code="t">In: Gestern | Romantik | Heute. Forum für Wissenschaft und Kultur / Friedrich-Schiller-Universität Jena</subfield>
</datafield>
<datafield ind1=" " ind2=" " tag="850">
<subfield code="a">DE-101a</subfield>
<subfield code="a">DE-101b</subfield>
</datafield>
<datafield ind1="4" ind2="0" tag="856">
<subfield code="u">https://doi.org/10.20378/irb-49914</subfield>
<subfield code="x">Resolving-System</subfield>
</datafield>
<datafield ind1="4" ind2="0" tag="856">
<subfield code="u">https://nbn-resolving.org/urn:nbn:de:bvb:473-irb-499144</subfield>
<subfield code="x">Resolving-System</subfield>
</datafield>
<datafield ind1=" " ind2="0" tag="856">
<subfield code="u">https://d-nb.info/1269540440/34</subfield>
<subfield code="x">Langzeitarchivierung Nationalbibliothek</subfield>
</datafield>
<datafield ind1="4" ind2=" " tag="856">
<subfield code="z">kostenfrei</subfield>
</datafield>
<datafield ind1="1" ind2=" " tag="883">
<subfield code="8">1\p</subfield>
<subfield code="a">npi</subfield>
<subfield code="d">20221005</subfield>
<subfield code="q">DE-101</subfield>
<subfield code="u">https://d-nb.info/provenance/plan#npi</subfield>
</datafield>
<datafield ind1="1" ind2=" " tag="883">
<subfield code="8">2\p</subfield>
<subfield code="a">npi</subfield>
<subfield code="d">20221005</subfield>
<subfield code="q">DE-101</subfield>
<subfield code="u">https://d-nb.info/provenance/plan#npi</subfield>
</datafield>
<datafield ind1="0" ind2=" " tag="883">
<subfield code="8">3\p</subfield>
<subfield code="a">emagnd</subfield>
<subfield code="c">0,74720</subfield>
<subfield code="d">20250114</subfield>
<subfield code="q">DE-101</subfield>
<subfield code="u">https://d-nb.info/provenance/plan#emagnd</subfield>
</datafield>
<datafield ind1="0" ind2=" " tag="883">
<subfield code="8">4\p</subfield>
<subfield code="a">emagnd</subfield>
<subfield code="c">0,16540</subfield>
<subfield code="d">20250114</subfield>
<subfield code="q">DE-101</subfield>
<subfield code="u">https://d-nb.info/provenance/plan#emagnd</subfield>
</datafield>
<datafield ind1="0" ind2=" " tag="883">
<subfield code="8">5\p</subfield>
<subfield code="a">emagnd</subfield>
<subfield code="c">0,09070</subfield>
<subfield code="d">20250114</subfield>
<subfield code="q">DE-101</subfield>
<subfield code="u">https://d-nb.info/provenance/plan#emagnd</subfield>
</datafield>
<datafield ind1="0" ind2=" " tag="883">
<subfield code="8">6\p</subfield>
<subfield code="a">emagnd</subfield>
<subfield code="c">0,08660</subfield>
<subfield code="d">20250114</subfield>
<subfield code="q">DE-101</subfield>
<subfield code="u">https://d-nb.info/provenance/plan#emagnd</subfield>
</datafield>
<datafield ind1="0" ind2=" " tag="883">
<subfield code="8">7\p</subfield>
<subfield code="a">emagnd</subfield>
<subfield code="c">0,05700</subfield>
<subfield code="d">20250114</subfield>
<subfield code="q">DE-101</subfield>
<subfield code="u">https://d-nb.info/provenance/plan#emagnd</subfield>
</datafield>
<datafield ind1="2" ind2=" " tag="883">
<subfield code="8">8\p</subfield>
<subfield code="a">dnb</subfield>
<subfield code="d">20250217</subfield>
<subfield code="q">DE-101</subfield>
<subfield code="u">https://d-nb.info/provenance/plan#dnb</subfield>
</datafield>
<datafield ind1="r" ind2=" " tag="925">
<subfield code="a">ro</subfield>
<subfield code="a">rb</subfield>
</datafield>
<datafield ind1=" " ind2=" " tag="927">
<subfield code="a">29360135</subfield>
</datafield>
</record>