<record type="Bibliographic" xmlns="http://www.loc.gov/MARC21/slim">
<leader>00000nam a2200000uc 4500</leader>
<controlfield tag="001">1251164013</controlfield>
<controlfield tag="003">DE-101</controlfield>
<controlfield tag="005">20220207181603.0</controlfield>
<controlfield tag="007">cr||||||||||||</controlfield>
<controlfield tag="008">220205s2020    gw |||||o|||| 00||||ger  </controlfield>
<datafield ind1=" " ind2=" " tag="015">
<subfield code="a">22,O03</subfield>
<subfield code="2">dnb</subfield>
</datafield>
<datafield ind1="7" ind2=" " tag="016">
<subfield code="2">DE-101</subfield>
<subfield code="a">1251164013</subfield>
</datafield>
<datafield ind1=" " ind2=" " tag="022">
<subfield code="a">2196-4270</subfield>
</datafield>
<datafield ind1="7" ind2=" " tag="024">
<subfield code="a">10.25969/mediarep/13626</subfield>
<subfield code="2">doi</subfield>
</datafield>
<datafield ind1="7" ind2=" " tag="024">
<subfield code="2">urn</subfield>
<subfield code="a">urn:nbn:de:101:1-2022020515345344304379</subfield>
</datafield>
<datafield ind1=" " ind2=" " tag="035">
<subfield code="a">(DE-599)DNB1251164013</subfield>
</datafield>
<datafield ind1=" " ind2=" " tag="040">
<subfield code="a">1240</subfield>
<subfield code="b">ger</subfield>
<subfield code="c">DE-101</subfield>
<subfield code="d">9999</subfield>
</datafield>
<datafield ind1=" " ind2=" " tag="041">
<subfield code="8">1\p</subfield>
<subfield code="a">ger</subfield>
</datafield>
<datafield ind1=" " ind2=" " tag="044">
<subfield code="c">XA-DE-HE</subfield>
</datafield>
<datafield ind1="7" ind2="4" tag="082">
<subfield code="8">5\p</subfield>
<subfield code="a">741.5</subfield>
<subfield code="q">DE-101</subfield>
<subfield code="2">23sdnb</subfield>
</datafield>
<datafield ind1="1" ind2=" " tag="100">
<subfield code="8">2\p</subfield>
<subfield code="a">Eggert, Barbara Margarethe</subfield>
<subfield code="e">Verfasser</subfield>
<subfield code="4">aut</subfield>
</datafield>
<datafield ind1="1" ind2="0" tag="245">
<subfield code="a">David D. Seelow (Hg.): Lessons Drawn. Essays on the Pedagogy of Comics and Graphic Novels</subfield>
<subfield code="c">Barbara Margarethe Eggert</subfield>
</datafield>
<datafield ind1=" " ind2="1" tag="264">
<subfield code="a">Marburg</subfield>
<subfield code="b">Philipps-Universität Marburg</subfield>
<subfield code="c">2020</subfield>
</datafield>
<datafield ind1=" " ind2="1" tag="264">
<subfield code="a">Marburg</subfield>
<subfield code="b">Schüren</subfield>
<subfield code="c">2020</subfield>
</datafield>
<datafield ind1=" " ind2=" " tag="300">
<subfield code="a">Online-Ressource</subfield>
</datafield>
<datafield ind1=" " ind2=" " tag="336">
<subfield code="a">Text</subfield>
<subfield code="b">txt</subfield>
<subfield code="2">rdacontent</subfield>
</datafield>
<datafield ind1=" " ind2=" " tag="337">
<subfield code="a">Computermedien</subfield>
<subfield code="b">c</subfield>
<subfield code="2">rdamedia</subfield>
</datafield>
<datafield ind1=" " ind2=" " tag="338">
<subfield code="a">Online-Ressource</subfield>
<subfield code="b">cr</subfield>
<subfield code="2">rdacarrier</subfield>
</datafield>
<datafield ind1="1" ind2=" " tag="583">
<subfield code="a">Archivierung/Langzeitarchivierung gewährleistet</subfield>
<subfield code="5">DE-101</subfield>
<subfield code="2">pdager</subfield>
</datafield>
<datafield ind1=" " ind2="7" tag="650">
<subfield code="8">3\p</subfield>
<subfield code="0">(DE-588)4010427-8</subfield>
<subfield code="0">https://d-nb.info/gnd/4010427-8</subfield>
<subfield code="0">(DE-101)040104273</subfield>
<subfield code="a">Comic</subfield>
<subfield code="2">gnd</subfield>
</datafield>
<datafield ind1=" " ind2="7" tag="651">
<subfield code="8">4\p</subfield>
<subfield code="0">(DE-588)4340023-1</subfield>
<subfield code="0">https://d-nb.info/gnd/4340023-1</subfield>
<subfield code="0">(DE-101)941159884</subfield>
<subfield code="a">Seelow</subfield>
<subfield code="2">gnd</subfield>
</datafield>
<datafield ind1=" " ind2=" " tag="653">
<subfield code="a">Comic</subfield>
</datafield>
<datafield ind1=" " ind2=" " tag="653">
<subfield code="a">Graphic Novel</subfield>
</datafield>
<datafield ind1=" " ind2=" " tag="653">
<subfield code="a">Medienpädagogik</subfield>
</datafield>
<datafield ind1=" " ind2=" " tag="850">
<subfield code="a">DE-101a</subfield>
<subfield code="a">DE-101b</subfield>
</datafield>
<datafield ind1="4" ind2="0" tag="856">
<subfield code="u">https://doi.org/10.25969/mediarep/13626</subfield>
<subfield code="x">Resolving-System</subfield>
</datafield>
<datafield ind1="4" ind2="0" tag="856">
<subfield code="u">https://nbn-resolving.org/urn:nbn:de:101:1-2022020515345344304379</subfield>
<subfield code="x">Resolving-System</subfield>
</datafield>
<datafield ind1=" " ind2="0" tag="856">
<subfield code="u">https://d-nb.info/1251164013/34</subfield>
<subfield code="x">Langzeitarchivierung Nationalbibliothek</subfield>
</datafield>
<datafield ind1="4" ind2=" " tag="856">
<subfield code="q">application/pdf</subfield>
<subfield code="u">https://mediarep.org/handle/doc/14557</subfield>
<subfield code="x">Verlag</subfield>
<subfield code="z">kostenfrei</subfield>
</datafield>
<datafield ind1="1" ind2=" " tag="883">
<subfield code="8">1\p</subfield>
<subfield code="a">npi</subfield>
<subfield code="d">20220205</subfield>
<subfield code="q">DE-101</subfield>
<subfield code="u">https://d-nb.info/provenance/plan#npi</subfield>
</datafield>
<datafield ind1="1" ind2=" " tag="883">
<subfield code="8">2\p</subfield>
<subfield code="a">npi</subfield>
<subfield code="d">20220205</subfield>
<subfield code="q">DE-101</subfield>
<subfield code="u">https://d-nb.info/provenance/plan#npi</subfield>
</datafield>
<datafield ind1="0" ind2=" " tag="883">
<subfield code="8">3\p</subfield>
<subfield code="a">aepgnd</subfield>
<subfield code="c">0,08093</subfield>
<subfield code="d">20220206</subfield>
<subfield code="q">DE-101</subfield>
<subfield code="u">https://d-nb.info/provenance/plan#aepgnd</subfield>
</datafield>
<datafield ind1="0" ind2=" " tag="883">
<subfield code="8">4\p</subfield>
<subfield code="a">aepgnd</subfield>
<subfield code="c">0,04444</subfield>
<subfield code="d">20220206</subfield>
<subfield code="q">DE-101</subfield>
<subfield code="u">https://d-nb.info/provenance/plan#aepgnd</subfield>
</datafield>
<datafield ind1="0" ind2=" " tag="883">
<subfield code="8">5\p</subfield>
<subfield code="a">aepsg</subfield>
<subfield code="c">0,99860</subfield>
<subfield code="d">20220206</subfield>
<subfield code="q">DE-101</subfield>
<subfield code="u">https://d-nb.info/provenance/plan#aepsg</subfield>
</datafield>
<datafield ind1="r" ind2=" " tag="925">
<subfield code="a">ro</subfield>
<subfield code="a">rb</subfield>
</datafield>
<datafield ind1=" " ind2=" " tag="927">
<subfield code="a">755499031</subfield>
</datafield>
</record>