<record type="Bibliographic" xmlns="http://www.loc.gov/MARC21/slim">
<leader>00000nam a2200000uc 4500</leader>
<controlfield tag="001">123455044X</controlfield>
<controlfield tag="003">DE-101</controlfield>
<controlfield tag="005">20260331121913.0</controlfield>
<controlfield tag="007">cr||||||||||||</controlfield>
<controlfield tag="008">210602s2020    gw |||||o|||| 00||||ger  </controlfield>
<datafield ind1=" " ind2=" " tag="015">
<subfield code="a">21,O07</subfield>
<subfield code="2">dnb</subfield>
</datafield>
<datafield ind1="7" ind2=" " tag="016">
<subfield code="2">DE-101</subfield>
<subfield code="a">123455044X</subfield>
</datafield>
<datafield ind1=" " ind2=" " tag="020">
<subfield code="a">9783982277813</subfield>
<subfield code="9">978-3-9822778-1-3</subfield>
</datafield>
<datafield ind1="7" ind2=" " tag="024">
<subfield code="a">10.48584/opus-4781</subfield>
<subfield code="2">doi</subfield>
</datafield>
<datafield ind1="7" ind2=" " tag="024">
<subfield code="2">urn</subfield>
<subfield code="a">urn:nbn:de:bsz:ofb1-opus4-47810</subfield>
</datafield>
<datafield ind1=" " ind2=" " tag="035">
<subfield code="a">(DE-599)DNB123455044X</subfield>
</datafield>
<datafield ind1=" " ind2=" " tag="035">
<subfield code="a">(OCoLC)1259346870</subfield>
</datafield>
<datafield ind1=" " ind2=" " tag="040">
<subfield code="a">1240</subfield>
<subfield code="b">ger</subfield>
<subfield code="c">DE-101</subfield>
<subfield code="d">1150</subfield>
</datafield>
<datafield ind1=" " ind2=" " tag="041">
<subfield code="8">1\p</subfield>
<subfield code="a">ger</subfield>
</datafield>
<datafield ind1=" " ind2=" " tag="044">
<subfield code="c">XA-DE-BW</subfield>
</datafield>
<datafield ind1="7" ind2="4" tag="082">
<subfield code="8">7\p</subfield>
<subfield code="a">741.5</subfield>
<subfield code="q">DE-101</subfield>
<subfield code="2">23sdnb</subfield>
</datafield>
<datafield ind1="1" ind2=" " tag="100">
<subfield code="8">3\p</subfield>
<subfield code="0">(DE-588)1229149910</subfield>
<subfield code="0">https://d-nb.info/gnd/1229149910</subfield>
<subfield code="0">(DE-101)1229149910</subfield>
<subfield code="a">Grund, Jonas</subfield>
<subfield code="e">Verfasser</subfield>
<subfield code="4">aut</subfield>
<subfield code="2">gnd</subfield>
</datafield>
<datafield ind1="1" ind2="0" tag="245">
<subfield code="a">Soziale Roboter - Ein Science Comic</subfield>
<subfield code="c">Jonas Grund, Oliver Korn ; Affective &amp; Cognitive Institute der Hochschule Offenburg, Arab-German Young Academy of Sciences and Humanities</subfield>
</datafield>
<datafield ind1=" " ind2="1" tag="264">
<subfield code="a">Offenburg</subfield>
<subfield code="b">Hochschule Offenburg</subfield>
<subfield code="c">2020</subfield>
</datafield>
<datafield ind1=" " ind2=" " tag="300">
<subfield code="a">Online-Ressource</subfield>
</datafield>
<datafield ind1=" " ind2=" " tag="336">
<subfield code="a">Text</subfield>
<subfield code="b">txt</subfield>
<subfield code="2">rdacontent</subfield>
</datafield>
<datafield ind1=" " ind2=" " tag="337">
<subfield code="a">Computermedien</subfield>
<subfield code="b">c</subfield>
<subfield code="2">rdamedia</subfield>
</datafield>
<datafield ind1=" " ind2=" " tag="338">
<subfield code="a">Online-Ressource</subfield>
<subfield code="b">cr</subfield>
<subfield code="2">rdacarrier</subfield>
</datafield>
<datafield ind1="1" ind2=" " tag="583">
<subfield code="a">Archivierung/Langzeitarchivierung gewährleistet</subfield>
<subfield code="5">DE-101</subfield>
<subfield code="2">pdager</subfield>
</datafield>
<datafield ind1=" " ind2=" " tag="653">
<subfield code="a">Soziale Roboter</subfield>
</datafield>
<datafield ind1=" " ind2=" " tag="653">
<subfield code="a">Roboter</subfield>
</datafield>
<datafield ind1=" " ind2=" " tag="653">
<subfield code="a">Künstliche Intelligenz</subfield>
</datafield>
<datafield ind1=" " ind2=" " tag="653">
<subfield code="a">KI</subfield>
</datafield>
<datafield ind1=" " ind2=" " tag="653">
<subfield code="a">Robotik</subfield>
</datafield>
<datafield ind1=" " ind2="7" tag="655">
<subfield code="8">2\p</subfield>
<subfield code="0">(DE-588)4010427-8</subfield>
<subfield code="0">https://d-nb.info/gnd/4010427-8</subfield>
<subfield code="0">(DE-101)040104273</subfield>
<subfield code="a">Comic</subfield>
<subfield code="2">gnd-content</subfield>
</datafield>
<datafield ind1="1" ind2=" " tag="700">
<subfield code="8">4\p</subfield>
<subfield code="0">(DE-588)1053810741</subfield>
<subfield code="0">https://d-nb.info/gnd/1053810741</subfield>
<subfield code="0">(DE-101)1053810741</subfield>
<subfield code="a">Korn, Oliver</subfield>
<subfield code="e">Verfasser</subfield>
<subfield code="4">aut</subfield>
<subfield code="2">gnd</subfield>
</datafield>
<datafield ind1="2" ind2=" " tag="710">
<subfield code="8">5\p</subfield>
<subfield code="a">Affective &amp; Cognitive Institute der Hochschule Offenburg</subfield>
<subfield code="e">Sonstige</subfield>
<subfield code="4">oth</subfield>
</datafield>
<datafield ind1="2" ind2=" " tag="710">
<subfield code="8">6\p</subfield>
<subfield code="a">Arab-German Young Academy of Sciences and Humanities</subfield>
<subfield code="e">Sonstige</subfield>
<subfield code="4">oth</subfield>
</datafield>
<datafield ind1="0" ind2="8" tag="776">
<subfield code="i">Erscheint auch als</subfield>
<subfield code="n">Druck-Ausgabe</subfield>
<subfield code="a">Grund, Jonas</subfield>
<subfield code="t">Soziale Roboter</subfield>
<subfield code="d">Offenburg : Affective &amp; Cognitive Institute ACI, Hochschule Offenburg - Technik, Wirtschaft und Medien, 2020</subfield>
<subfield code="h">68 Seiten</subfield>
<subfield code="w">(DE-101)1231724463</subfield>
</datafield>
<datafield ind1=" " ind2=" " tag="850">
<subfield code="a">DE-101a</subfield>
<subfield code="a">DE-101b</subfield>
</datafield>
<datafield ind1="4" ind2="0" tag="856">
<subfield code="u">https://doi.org/10.48584/opus-4781</subfield>
<subfield code="x">Resolving-System</subfield>
</datafield>
<datafield ind1="4" ind2="0" tag="856">
<subfield code="u">https://nbn-resolving.org/urn:nbn:de:bsz:ofb1-opus4-47810</subfield>
<subfield code="x">Resolving-System</subfield>
</datafield>
<datafield ind1=" " ind2="0" tag="856">
<subfield code="u">https://d-nb.info/123455044X/34</subfield>
<subfield code="x">Langzeitarchivierung Nationalbibliothek</subfield>
</datafield>
<datafield ind1="4" ind2=" " tag="856">
<subfield code="q">application/pdf</subfield>
<subfield code="u">https://opus.hs-offenburg.de/frontdoor/index/index/docId/4781</subfield>
<subfield code="x">Verlag</subfield>
<subfield code="z">kostenfrei</subfield>
</datafield>
<datafield ind1="1" ind2=" " tag="883">
<subfield code="8">1\p</subfield>
<subfield code="a">npi</subfield>
<subfield code="d">20210602</subfield>
<subfield code="q">DE-101</subfield>
<subfield code="u">https://d-nb.info/provenance/plan#npi</subfield>
</datafield>
<datafield ind1=" " ind2=" " tag="883">
<subfield code="8">2\p</subfield>
<subfield code="a">dnb-cgwrk</subfield>
<subfield code="d">20250828</subfield>
<subfield code="q">DE-101</subfield>
<subfield code="u">https://d-nb.info/provenance/plan#dnb-cgwrk</subfield>
</datafield>
<datafield ind1="1" ind2=" " tag="883">
<subfield code="8">3\p</subfield>
<subfield code="a">idtitel</subfield>
<subfield code="d">20211001</subfield>
<subfield code="q">DE-101</subfield>
<subfield code="u">https://d-nb.info/provenance/plan#idtitel</subfield>
</datafield>
<datafield ind1="1" ind2=" " tag="883">
<subfield code="8">4\p</subfield>
<subfield code="a">idtitel</subfield>
<subfield code="d">20210602</subfield>
<subfield code="q">DE-101</subfield>
<subfield code="u">https://d-nb.info/provenance/plan#idtitel</subfield>
</datafield>
<datafield ind1="1" ind2=" " tag="883">
<subfield code="8">5\p</subfield>
<subfield code="a">npi</subfield>
<subfield code="d">20210602</subfield>
<subfield code="q">DE-101</subfield>
<subfield code="u">https://d-nb.info/provenance/plan#npi</subfield>
</datafield>
<datafield ind1="1" ind2=" " tag="883">
<subfield code="8">6\p</subfield>
<subfield code="a">npi</subfield>
<subfield code="d">20210602</subfield>
<subfield code="q">DE-101</subfield>
<subfield code="u">https://d-nb.info/provenance/plan#npi</subfield>
</datafield>
<datafield ind1=" " ind2=" " tag="883">
<subfield code="8">7\p</subfield>
<subfield code="a">dnb-cgwrk</subfield>
<subfield code="d">20250828</subfield>
<subfield code="q">DE-101</subfield>
<subfield code="u">https://d-nb.info/provenance/plan#dnb-cgwrk</subfield>
</datafield>
<datafield ind1="r" ind2=" " tag="925">
<subfield code="a">ro</subfield>
<subfield code="a">rb</subfield>
</datafield>
<datafield ind1=" " ind2=" " tag="927">
<subfield code="a">111280128</subfield>
</datafield>
</record>