<record type="Bibliographic" xmlns="http://www.loc.gov/MARC21/slim">
<leader>00000naa a2200000uc 4500</leader>
<controlfield tag="001">1245374141</controlfield>
<controlfield tag="003">DE-101</controlfield>
<controlfield tag="005">20220128111943.0</controlfield>
<controlfield tag="007">cr||||||||||||</controlfield>
<controlfield tag="008">211109s2020    gw |||||o|||| 00||||ger  </controlfield>
<datafield ind1="7" ind2=" " tag="016">
<subfield code="2">DE-101</subfield>
<subfield code="a">1245374141</subfield>
</datafield>
<datafield ind1="7" ind2=" " tag="024">
<subfield code="2">urn</subfield>
<subfield code="a">urn:nbn:de:bsz:15-qucosa2-729824</subfield>
</datafield>
<datafield ind1=" " ind2=" " tag="035">
<subfield code="a">(DE-599)DNB1245374141</subfield>
</datafield>
<datafield ind1=" " ind2=" " tag="040">
<subfield code="a">1140</subfield>
<subfield code="b">ger</subfield>
<subfield code="c">DE-101</subfield>
<subfield code="d">1247</subfield>
</datafield>
<datafield ind1=" " ind2=" " tag="041">
<subfield code="8">1\p</subfield>
<subfield code="a">ger</subfield>
</datafield>
<datafield ind1=" " ind2=" " tag="044">
<subfield code="c">XA-DE</subfield>
</datafield>
<datafield ind1="7" ind2="4" tag="082">
<subfield code="8">4\p</subfield>
<subfield code="a">741.5</subfield>
<subfield code="q">DE-101</subfield>
<subfield code="2">23sdnb</subfield>
</datafield>
<datafield ind1=" " ind2=" " tag="084">
<subfield code="a">301</subfield>
<subfield code="2">ddc</subfield>
</datafield>
<datafield ind1="1" ind2=" " tag="100">
<subfield code="8">2\p</subfield>
<subfield code="a">Sina, Véronique</subfield>
<subfield code="e">Verfasser</subfield>
<subfield code="4">aut</subfield>
</datafield>
<datafield ind1="1" ind2="0" tag="245">
<subfield code="a">Comic</subfield>
<subfield code="c">Véronique Sina</subfield>
</datafield>
<datafield ind1=" " ind2=" " tag="300">
<subfield code="a">Online-Ressource</subfield>
</datafield>
<datafield ind1=" " ind2=" " tag="336">
<subfield code="a">Text</subfield>
<subfield code="b">txt</subfield>
<subfield code="2">rdacontent</subfield>
</datafield>
<datafield ind1=" " ind2=" " tag="337">
<subfield code="a">Computermedien</subfield>
<subfield code="b">c</subfield>
<subfield code="2">rdamedia</subfield>
</datafield>
<datafield ind1=" " ind2=" " tag="338">
<subfield code="a">Online-Ressource</subfield>
<subfield code="b">cr</subfield>
<subfield code="2">rdacarrier</subfield>
</datafield>
<datafield ind1="1" ind2=" " tag="583">
<subfield code="a">Archivierung/Langzeitarchivierung gewährleistet</subfield>
<subfield code="5">DE-101</subfield>
<subfield code="2">pdager</subfield>
</datafield>
<datafield ind1=" " ind2="7" tag="650">
<subfield code="8">3\p</subfield>
<subfield code="0">(DE-588)4010427-8</subfield>
<subfield code="0">https://d-nb.info/gnd/4010427-8</subfield>
<subfield code="0">(DE-101)040104273</subfield>
<subfield code="a">Comic</subfield>
<subfield code="2">gnd</subfield>
</datafield>
<datafield ind1=" " ind2=" " tag="653">
<subfield code="a">Comic</subfield>
</datafield>
<datafield ind1=" " ind2=" " tag="653">
<subfield code="a">Graphic novel</subfield>
</datafield>
<datafield ind1=" " ind2=" " tag="653">
<subfield code="a">Graphic narrative</subfield>
</datafield>
<datafield ind1=" " ind2=" " tag="653">
<subfield code="a">Bande dessinée</subfield>
</datafield>
<datafield ind1=" " ind2=" " tag="653">
<subfield code="a">Fumetti</subfield>
</datafield>
<datafield ind1=" " ind2=" " tag="653">
<subfield code="a">Graphzine</subfield>
</datafield>
<datafield ind1=" " ind2=" " tag="653">
<subfield code="a">Bilderzählung</subfield>
</datafield>
<datafield ind1=" " ind2=" " tag="653">
<subfield code="a">Bildgeschichte</subfield>
</datafield>
<datafield ind1=" " ind2=" " tag="653">
<subfield code="a">Comicforschung</subfield>
</datafield>
<datafield ind1=" " ind2=" " tag="653">
<subfield code="a">Medien</subfield>
</datafield>
<datafield ind1=" " ind2=" " tag="653">
<subfield code="a">Manga</subfield>
</datafield>
<datafield ind1=" " ind2=" " tag="653">
<subfield code="a">Geschlechterdifferenz</subfield>
</datafield>
<datafield ind1=" " ind2=" " tag="653">
<subfield code="a">Bildsequenz</subfield>
</datafield>
<datafield ind1=" " ind2=" " tag="653">
<subfield code="a">Sequentielle Kunst</subfield>
</datafield>
<datafield ind1=" " ind2=" " tag="653">
<subfield code="a">Sequential art</subfield>
</datafield>
<datafield ind1=" " ind2=" " tag="653">
<subfield code="a">Comic strip</subfield>
</datafield>
<datafield ind1=" " ind2=" " tag="653">
<subfield code="a">Wimmen’s Comix</subfield>
</datafield>
<datafield ind1="1" ind2="8" tag="773">
<subfield code="7">|||s</subfield>
<subfield code="g">2020</subfield>
</datafield>
<datafield ind1="0" ind2="8" tag="773">
<subfield code="t">In: Gender glossar (2020) http://gender-glossar.de</subfield>
</datafield>
<datafield ind1="0" ind2="8" tag="773">
<subfield code="i">Enthalten in</subfield>
<subfield code="t">Gender Glossar</subfield>
<subfield code="d">Leipzig : Universität Leipzig, 2012-</subfield>
<subfield code="h">Online-Ressource</subfield>
<subfield code="g">2020</subfield>
<subfield code="w">(DE-600)2843847-4</subfield>
<subfield code="w">(DE-101)1080975691</subfield>
<subfield code="x">2366-5580</subfield>
</datafield>
<datafield ind1=" " ind2=" " tag="850">
<subfield code="a">DE-101a</subfield>
</datafield>
<datafield ind1="4" ind2="0" tag="856">
<subfield code="u">https://nbn-resolving.org/urn:nbn:de:bsz:15-qucosa2-729824</subfield>
<subfield code="x">Resolving-System</subfield>
</datafield>
<datafield ind1=" " ind2="0" tag="856">
<subfield code="u">https://d-nb.info/1245374141/34</subfield>
<subfield code="x">Langzeitarchivierung Nationalbibliothek</subfield>
</datafield>
<datafield ind1="4" ind2=" " tag="856">
<subfield code="z">kostenfrei</subfield>
</datafield>
<datafield ind1="1" ind2=" " tag="883">
<subfield code="8">1\p</subfield>
<subfield code="a">npi</subfield>
<subfield code="d">20211109</subfield>
<subfield code="q">DE-101</subfield>
<subfield code="u">https://d-nb.info/provenance/plan#npi</subfield>
</datafield>
<datafield ind1="1" ind2=" " tag="883">
<subfield code="8">2\p</subfield>
<subfield code="a">npi</subfield>
<subfield code="d">20211109</subfield>
<subfield code="q">DE-101</subfield>
<subfield code="u">https://d-nb.info/provenance/plan#npi</subfield>
</datafield>
<datafield ind1="0" ind2=" " tag="883">
<subfield code="8">3\p</subfield>
<subfield code="a">aepgnd</subfield>
<subfield code="c">0,42022</subfield>
<subfield code="d">20211110</subfield>
<subfield code="q">DE-101</subfield>
<subfield code="u">https://d-nb.info/provenance/plan#aepgnd</subfield>
</datafield>
<datafield ind1="0" ind2=" " tag="883">
<subfield code="8">4\p</subfield>
<subfield code="a">aepsg</subfield>
<subfield code="c">0,99999</subfield>
<subfield code="d">20211110</subfield>
<subfield code="q">DE-101</subfield>
<subfield code="u">https://d-nb.info/provenance/plan#aepsg</subfield>
</datafield>
<datafield ind1=" " ind2=" " tag="927">
<subfield code="a">23363584</subfield>
</datafield>
</record>