<record type="Bibliographic" xmlns="http://www.loc.gov/MARC21/slim">
<leader>00000naa a2200000uc 4500</leader>
<controlfield tag="001">1232845523</controlfield>
<controlfield tag="003">DE-101</controlfield>
<controlfield tag="005">20210622181506.0</controlfield>
<controlfield tag="007">cr||||||||||||</controlfield>
<controlfield tag="008">210505s2019    gw |||||o|||| 00||||eng  </controlfield>
<datafield ind1=" " ind2=" " tag="015">
<subfield code="a">21,O06</subfield>
<subfield code="2">dnb</subfield>
</datafield>
<datafield ind1="7" ind2=" " tag="016">
<subfield code="2">DE-101</subfield>
<subfield code="a">1232845523</subfield>
</datafield>
<datafield ind1="7" ind2=" " tag="024">
<subfield code="2">urn</subfield>
<subfield code="a">urn:nbn:de:bsz:14-qucosa2-364175</subfield>
</datafield>
<datafield ind1=" " ind2=" " tag="035">
<subfield code="a">(DE-599)DNB1232845523</subfield>
</datafield>
<datafield ind1=" " ind2=" " tag="035">
<subfield code="a">(OCoLC)1256564772</subfield>
</datafield>
<datafield ind1=" " ind2=" " tag="040">
<subfield code="a">1140</subfield>
<subfield code="b">ger</subfield>
<subfield code="c">DE-101</subfield>
<subfield code="d">9999</subfield>
</datafield>
<datafield ind1=" " ind2=" " tag="041">
<subfield code="8">1\p</subfield>
<subfield code="a">eng</subfield>
</datafield>
<datafield ind1=" " ind2=" " tag="044">
<subfield code="c">XA-DE-SN</subfield>
</datafield>
<datafield ind1="7" ind2="4" tag="082">
<subfield code="8">3\p</subfield>
<subfield code="a">741.5</subfield>
<subfield code="q">DE-101</subfield>
<subfield code="2">23sdnb</subfield>
</datafield>
<datafield ind1=" " ind2=" " tag="084">
<subfield code="a">820</subfield>
<subfield code="2">ddc</subfield>
</datafield>
<datafield ind1=" " ind2=" " tag="084">
<subfield code="a">HC 1000</subfield>
<subfield code="2">rvk</subfield>
</datafield>
<datafield ind1="1" ind2=" " tag="100">
<subfield code="8">2\p</subfield>
<subfield code="a">Horlacher, Stefan</subfield>
<subfield code="e">Verfasser</subfield>
<subfield code="4">aut</subfield>
</datafield>
<datafield ind1="1" ind2="0" tag="245">
<subfield code="a">Slightly Quixotic</subfield>
<subfield code="b">Comic Strategies, Sexual Role Stereotyping and the Functionalization of Femininity in David Lodge's Trilogy of Campus Novels under Special Consideration of 'Nice Work' (1988)</subfield>
<subfield code="c">Stefan Horlacher</subfield>
</datafield>
<datafield ind1=" " ind2="1" tag="264">
<subfield code="a">Dresden</subfield>
<subfield code="b">Technische Universität Dresden</subfield>
<subfield code="c">2019</subfield>
</datafield>
<datafield ind1=" " ind2=" " tag="300">
<subfield code="a">Online-Ressource</subfield>
</datafield>
<datafield ind1=" " ind2=" " tag="336">
<subfield code="a">Text</subfield>
<subfield code="b">txt</subfield>
<subfield code="2">rdacontent</subfield>
</datafield>
<datafield ind1=" " ind2=" " tag="337">
<subfield code="a">Computermedien</subfield>
<subfield code="b">c</subfield>
<subfield code="2">rdamedia</subfield>
</datafield>
<datafield ind1=" " ind2=" " tag="338">
<subfield code="a">Online-Ressource</subfield>
<subfield code="b">cr</subfield>
<subfield code="2">rdacarrier</subfield>
</datafield>
<datafield ind1="1" ind2=" " tag="583">
<subfield code="a">Archivierung/Langzeitarchivierung gewährleistet</subfield>
<subfield code="5">DE-101</subfield>
<subfield code="2">pdager</subfield>
</datafield>
<datafield ind1=" " ind2=" " tag="653">
<subfield code="a">use of humour</subfield>
</datafield>
<datafield ind1=" " ind2=" " tag="653">
<subfield code="a">comic mode</subfield>
</datafield>
<datafield ind1=" " ind2=" " tag="653">
<subfield code="a">gender stereotyping</subfield>
</datafield>
<datafield ind1=" " ind2=" " tag="653">
<subfield code="a">feminism</subfield>
</datafield>
<datafield ind1=" " ind2=" " tag="653">
<subfield code="a">campus novel</subfield>
</datafield>
<datafield ind1=" " ind2=" " tag="653">
<subfield code="a">Verwendung von Humor</subfield>
</datafield>
<datafield ind1=" " ind2=" " tag="653">
<subfield code="a">Comic-Modus</subfield>
</datafield>
<datafield ind1=" " ind2=" " tag="653">
<subfield code="a">Geschlechterstereotypisierung</subfield>
</datafield>
<datafield ind1=" " ind2=" " tag="653">
<subfield code="a">Feminismus</subfield>
</datafield>
<datafield ind1=" " ind2=" " tag="653">
<subfield code="a">Campus-Roman</subfield>
</datafield>
<datafield ind1="0" ind2="8" tag="773">
<subfield code="t">In: Anglia: Zeitschrift für Englische Philologie Herausgeber: Kornexl, Lucia.  Berlin : de Gruyter, , 2007, Jahrgang: 125, Heft: 3, Seiten: 465-483, ISSN: 0340-5222</subfield>
</datafield>
<datafield ind1=" " ind2=" " tag="850">
<subfield code="a">DE-101a</subfield>
<subfield code="a">DE-101b</subfield>
</datafield>
<datafield ind1="4" ind2="0" tag="856">
<subfield code="u">https://nbn-resolving.org/urn:nbn:de:bsz:14-qucosa2-364175</subfield>
<subfield code="x">Resolving-System</subfield>
</datafield>
<datafield ind1=" " ind2="0" tag="856">
<subfield code="u">https://d-nb.info/1232845523/34</subfield>
<subfield code="x">Langzeitarchivierung Nationalbibliothek</subfield>
</datafield>
<datafield ind1="4" ind2=" " tag="856">
<subfield code="z">kostenfrei</subfield>
</datafield>
<datafield ind1="1" ind2=" " tag="883">
<subfield code="8">1\p</subfield>
<subfield code="a">npi</subfield>
<subfield code="d">20210505</subfield>
<subfield code="q">DE-101</subfield>
<subfield code="u">https://d-nb.info/provenance/plan#npi</subfield>
</datafield>
<datafield ind1="1" ind2=" " tag="883">
<subfield code="8">2\p</subfield>
<subfield code="a">npi</subfield>
<subfield code="d">20210505</subfield>
<subfield code="q">DE-101</subfield>
<subfield code="u">https://d-nb.info/provenance/plan#npi</subfield>
</datafield>
<datafield ind1="0" ind2=" " tag="883">
<subfield code="8">3\p</subfield>
<subfield code="a">aepsg</subfield>
<subfield code="c">0,96337</subfield>
<subfield code="d">20210506</subfield>
<subfield code="q">DE-101</subfield>
<subfield code="u">https://d-nb.info/provenance/plan#aepsg</subfield>
</datafield>
<datafield ind1="r" ind2=" " tag="925">
<subfield code="a">ro</subfield>
<subfield code="a">rb</subfield>
</datafield>
<datafield ind1=" " ind2=" " tag="927">
<subfield code="a">344162311</subfield>
</datafield>
</record>