<record type="Bibliographic" xmlns="http://www.loc.gov/MARC21/slim">
<leader>00000nam a2200000uc 4500</leader>
<controlfield tag="001">1163804762</controlfield>
<controlfield tag="003">DE-101</controlfield>
<controlfield tag="005">20250802084622.0</controlfield>
<controlfield tag="007">cr||||||||||||</controlfield>
<controlfield tag="008">180803s2018    gw |||||o|||| 00||||ger  </controlfield>
<datafield ind1=" " ind2=" " tag="015">
<subfield code="a">18,O09</subfield>
<subfield code="2">dnb</subfield>
</datafield>
<datafield ind1="7" ind2=" " tag="016">
<subfield code="2">DE-101</subfield>
<subfield code="a">1163804762</subfield>
</datafield>
<datafield ind1="7" ind2=" " tag="024">
<subfield code="2">urn</subfield>
<subfield code="a">urn:nbn:de:hebis:30:3-466199</subfield>
</datafield>
<datafield ind1=" " ind2=" " tag="035">
<subfield code="a">(DE-599)DNB1163804762</subfield>
</datafield>
<datafield ind1=" " ind2=" " tag="035">
<subfield code="a">(OCoLC)1187513768</subfield>
</datafield>
<datafield ind1=" " ind2=" " tag="040">
<subfield code="a">1240</subfield>
<subfield code="b">ger</subfield>
<subfield code="c">DE-101</subfield>
<subfield code="d">9999</subfield>
</datafield>
<datafield ind1=" " ind2=" " tag="041">
<subfield code="a">ger</subfield>
</datafield>
<datafield ind1=" " ind2=" " tag="044">
<subfield code="c">XA-DE-HE</subfield>
</datafield>
<datafield ind1="0" ind2="4" tag="082">
<subfield code="8">8\u</subfield>
<subfield code="8">9\p</subfield>
<subfield code="a">741.53</subfield>
<subfield code="q">DE-101</subfield>
<subfield code="2">22/ger</subfield>
</datafield>
<datafield ind1="7" ind2=" " tag="083">
<subfield code="8">10\p</subfield>
<subfield code="a">741.5</subfield>
<subfield code="q">DE-101</subfield>
<subfield code="2">23sdnb</subfield>
</datafield>
<datafield ind1=" " ind2=" " tag="085">
<subfield code="8">8\u</subfield>
<subfield code="b">741.53</subfield>
</datafield>
<datafield ind1="0" ind2="0" tag="245">
<subfield code="a">Comics an der Grenze</subfield>
<subfield code="b">Sub/versionen von Form und Inhalt : 9. Wissenschaftstagung der Gesellschaft für Comicforschung (ComFor)</subfield>
</datafield>
<datafield ind1=" " ind2="1" tag="264">
<subfield code="a">Frankfurt am Main</subfield>
<subfield code="b">Universitätsbibliothek Johann Christian Senckenberg</subfield>
<subfield code="c">2018</subfield>
</datafield>
<datafield ind1=" " ind2=" " tag="300">
<subfield code="a">Online-Ressource</subfield>
</datafield>
<datafield ind1=" " ind2=" " tag="336">
<subfield code="a">Text</subfield>
<subfield code="b">txt</subfield>
<subfield code="2">rdacontent</subfield>
</datafield>
<datafield ind1=" " ind2=" " tag="337">
<subfield code="a">Computermedien</subfield>
<subfield code="b">c</subfield>
<subfield code="2">rdamedia</subfield>
</datafield>
<datafield ind1=" " ind2=" " tag="338">
<subfield code="a">Online-Ressource</subfield>
<subfield code="b">cr</subfield>
<subfield code="2">rdacarrier</subfield>
</datafield>
<datafield ind1=" " ind2=" " tag="500">
<subfield code="a">In: Berlin : Ch. A. Bachmann Verlag, 2017</subfield>
</datafield>
<datafield ind1="1" ind2=" " tag="583">
<subfield code="a">Archivierung/Langzeitarchivierung gewährleistet</subfield>
<subfield code="5">DE-101</subfield>
<subfield code="2">pdager</subfield>
</datafield>
<datafield ind1=" " ind2="7" tag="650">
<subfield code="8">2\p</subfield>
<subfield code="0">(DE-588)4010427-8</subfield>
<subfield code="0">https://d-nb.info/gnd/4010427-8</subfield>
<subfield code="0">(DE-101)040104273</subfield>
<subfield code="a">Comic</subfield>
<subfield code="9">rswk-swf</subfield>
<subfield code="2">gnd</subfield>
</datafield>
<datafield ind1=" " ind2="7" tag="650">
<subfield code="8">4\p</subfield>
<subfield code="0">(DE-588)4130793-8</subfield>
<subfield code="0">https://d-nb.info/gnd/4130793-8</subfield>
<subfield code="0">(DE-101)041307933</subfield>
<subfield code="a">Grenze</subfield>
<subfield code="9">rswk-swf</subfield>
<subfield code="2">gnd</subfield>
</datafield>
<datafield ind1=" " ind2="7" tag="650">
<subfield code="8">6\p</subfield>
<subfield code="0">(DE-588)4213485-7</subfield>
<subfield code="0">https://d-nb.info/gnd/4213485-7</subfield>
<subfield code="0">(DE-101)042134854</subfield>
<subfield code="a">Subversion</subfield>
<subfield code="9">rswk-swf</subfield>
<subfield code="2">gnd</subfield>
</datafield>
<datafield ind1=" " ind2="7" tag="650">
<subfield code="a">Comic</subfield>
<subfield code="2">gnd</subfield>
</datafield>
<datafield ind1=" " ind2="7" tag="650">
<subfield code="a">Grenze</subfield>
<subfield code="2">gnd</subfield>
</datafield>
<datafield ind1=" " ind2="7" tag="650">
<subfield code="a">Subversion</subfield>
<subfield code="2">gnd</subfield>
</datafield>
<datafield ind1=" " ind2="7" tag="655">
<subfield code="8">1\p</subfield>
<subfield code="0">(DE-588)1071861417</subfield>
<subfield code="0">https://d-nb.info/gnd/1071861417</subfield>
<subfield code="0">(DE-101)1071861417</subfield>
<subfield code="a">Konferenzschrift</subfield>
<subfield code="2">gnd-content</subfield>
</datafield>
<datafield ind1="0" ind2="0" tag="689">
<subfield code="8">3\p</subfield>
<subfield code="0">(DE-588)4010427-8</subfield>
<subfield code="0">https://d-nb.info/gnd/4010427-8</subfield>
<subfield code="0">(DE-101)040104273</subfield>
<subfield code="D">s</subfield>
<subfield code="a">Comic</subfield>
</datafield>
<datafield ind1="0" ind2="1" tag="689">
<subfield code="8">5\p</subfield>
<subfield code="0">(DE-588)4130793-8</subfield>
<subfield code="0">https://d-nb.info/gnd/4130793-8</subfield>
<subfield code="0">(DE-101)041307933</subfield>
<subfield code="D">s</subfield>
<subfield code="a">Grenze</subfield>
</datafield>
<datafield ind1="0" ind2="2" tag="689">
<subfield code="8">7\p</subfield>
<subfield code="0">(DE-588)4213485-7</subfield>
<subfield code="0">https://d-nb.info/gnd/4213485-7</subfield>
<subfield code="0">(DE-101)042134854</subfield>
<subfield code="D">s</subfield>
<subfield code="a">Subversion</subfield>
</datafield>
<datafield ind1="0" ind2=" " tag="689">
<subfield code="5">DE-101</subfield>
<subfield code="5">DE-101</subfield>
</datafield>
<datafield ind1=" " ind2=" " tag="850">
<subfield code="a">DE-101a</subfield>
<subfield code="a">DE-101b</subfield>
</datafield>
<datafield ind1="4" ind2="0" tag="856">
<subfield code="u">https://nbn-resolving.org/urn:nbn:de:hebis:30:3-466199</subfield>
<subfield code="x">Resolving-System</subfield>
</datafield>
<datafield ind1=" " ind2="0" tag="856">
<subfield code="u">https://d-nb.info/1163804762/34</subfield>
<subfield code="x">Langzeitarchivierung Nationalbibliothek</subfield>
</datafield>
<datafield ind1="4" ind2=" " tag="856">
<subfield code="u">http://publikationen.ub.uni-frankfurt.de/frontdoor/index/index/docId/46619</subfield>
<subfield code="x">Verlag</subfield>
<subfield code="z">kostenfrei</subfield>
</datafield>
<datafield ind1=" " ind2=" " tag="883">
<subfield code="8">1\p</subfield>
<subfield code="a">dnb-cgwrk</subfield>
<subfield code="d">20250802</subfield>
<subfield code="q">DE-101</subfield>
<subfield code="u">https://d-nb.info/provenance/plan#dnb-cgwrk</subfield>
</datafield>
<datafield ind1=" " ind2=" " tag="883">
<subfield code="8">2\p</subfield>
<subfield code="a">dnb-cgwrk</subfield>
<subfield code="d">20250802</subfield>
<subfield code="q">DE-101</subfield>
<subfield code="u">https://d-nb.info/provenance/plan#dnb-cgwrk</subfield>
</datafield>
<datafield ind1=" " ind2=" " tag="883">
<subfield code="8">3\p</subfield>
<subfield code="a">dnb-cgwrk</subfield>
<subfield code="d">20250802</subfield>
<subfield code="q">DE-101</subfield>
<subfield code="u">https://d-nb.info/provenance/plan#dnb-cgwrk</subfield>
</datafield>
<datafield ind1=" " ind2=" " tag="883">
<subfield code="8">4\p</subfield>
<subfield code="a">dnb-cgwrk</subfield>
<subfield code="d">20250802</subfield>
<subfield code="q">DE-101</subfield>
<subfield code="u">https://d-nb.info/provenance/plan#dnb-cgwrk</subfield>
</datafield>
<datafield ind1=" " ind2=" " tag="883">
<subfield code="8">5\p</subfield>
<subfield code="a">dnb-cgwrk</subfield>
<subfield code="d">20250802</subfield>
<subfield code="q">DE-101</subfield>
<subfield code="u">https://d-nb.info/provenance/plan#dnb-cgwrk</subfield>
</datafield>
<datafield ind1=" " ind2=" " tag="883">
<subfield code="8">6\p</subfield>
<subfield code="a">dnb-cgwrk</subfield>
<subfield code="d">20250802</subfield>
<subfield code="q">DE-101</subfield>
<subfield code="u">https://d-nb.info/provenance/plan#dnb-cgwrk</subfield>
</datafield>
<datafield ind1=" " ind2=" " tag="883">
<subfield code="8">7\p</subfield>
<subfield code="a">dnb-cgwrk</subfield>
<subfield code="d">20250802</subfield>
<subfield code="q">DE-101</subfield>
<subfield code="u">https://d-nb.info/provenance/plan#dnb-cgwrk</subfield>
</datafield>
<datafield ind1=" " ind2=" " tag="883">
<subfield code="8">9\p</subfield>
<subfield code="a">dnb-cgwrk</subfield>
<subfield code="d">20250802</subfield>
<subfield code="q">DE-101</subfield>
<subfield code="u">https://d-nb.info/provenance/plan#dnb-cgwrk</subfield>
</datafield>
<datafield ind1=" " ind2=" " tag="883">
<subfield code="8">10\p</subfield>
<subfield code="a">dnb-cgwrk</subfield>
<subfield code="d">20250802</subfield>
<subfield code="q">DE-101</subfield>
<subfield code="u">https://d-nb.info/provenance/plan#dnb-cgwrk</subfield>
</datafield>
<datafield ind1="r" ind2=" " tag="925">
<subfield code="a">ro</subfield>
<subfield code="a">rb</subfield>
</datafield>
<datafield ind1=" " ind2=" " tag="927">
<subfield code="a">159383553</subfield>
</datafield>
</record>