<record type="Bibliographic" xmlns="http://www.loc.gov/MARC21/slim">
<leader>00000nam a2200000uc 4500</leader>
<controlfield tag="001">1239609698</controlfield>
<controlfield tag="003">DE-101</controlfield>
<controlfield tag="005">20260409170403.0</controlfield>
<controlfield tag="007">cr||||||||||||</controlfield>
<controlfield tag="008">210823s2018    gw |||||o|||| 00||||ger  </controlfield>
<datafield ind1=" " ind2=" " tag="015">
<subfield code="a">21,O09</subfield>
<subfield code="2">dnb</subfield>
</datafield>
<datafield ind1="7" ind2=" " tag="016">
<subfield code="2">DE-101</subfield>
<subfield code="a">1239609698</subfield>
</datafield>
<datafield ind1="7" ind2=" " tag="024">
<subfield code="a">10.25969/mediarep/11965</subfield>
<subfield code="2">doi</subfield>
</datafield>
<datafield ind1="7" ind2=" " tag="024">
<subfield code="2">urn</subfield>
<subfield code="a">urn:nbn:de:101:1-2021082315401424247816</subfield>
</datafield>
<datafield ind1=" " ind2=" " tag="035">
<subfield code="a">(DE-599)DNB1239609698</subfield>
</datafield>
<datafield ind1=" " ind2=" " tag="035">
<subfield code="a">(OCoLC)1267512408</subfield>
</datafield>
<datafield ind1=" " ind2=" " tag="040">
<subfield code="a">1240</subfield>
<subfield code="b">ger</subfield>
<subfield code="c">DE-101</subfield>
<subfield code="d">9999</subfield>
</datafield>
<datafield ind1=" " ind2=" " tag="041">
<subfield code="8">1\p</subfield>
<subfield code="a">ger</subfield>
</datafield>
<datafield ind1=" " ind2=" " tag="044">
<subfield code="c">XA-DE-HE</subfield>
</datafield>
<datafield ind1="7" ind2="4" tag="082">
<subfield code="8">12\p</subfield>
<subfield code="a">741.5</subfield>
<subfield code="q">DE-101</subfield>
<subfield code="2">23sdnb</subfield>
</datafield>
<datafield ind1=" " ind2=" " tag="084">
<subfield code="a">741</subfield>
<subfield code="2">ddc</subfield>
</datafield>
<datafield ind1=" " ind2=" " tag="084">
<subfield code="a">791</subfield>
<subfield code="2">ddc</subfield>
</datafield>
<datafield ind1="1" ind2=" " tag="100">
<subfield code="8">2\p</subfield>
<subfield code="a">Heindl, Nina</subfield>
<subfield code="e">Verfasser</subfield>
<subfield code="4">aut</subfield>
</datafield>
<datafield ind1="1" ind2="0" tag="245">
<subfield code="a">Opazität und Transparenz: Überlegungen zum poietischen Potenzial in Chris Wares Comics und Animationen</subfield>
<subfield code="c">Nina Heindl ; Herausgeber: Hans-Joachim Backe, Julia Eckel, Erwin Feyersinger, Véronique Sina, Jan-Noël Thon</subfield>
</datafield>
<datafield ind1=" " ind2="1" tag="264">
<subfield code="a">Marburg</subfield>
<subfield code="b">Philipps-Universität Marburg</subfield>
<subfield code="c">2018</subfield>
</datafield>
<datafield ind1=" " ind2="1" tag="264">
<subfield code="a">Berlin</subfield>
<subfield code="b">de Gruyter</subfield>
<subfield code="c">2018</subfield>
</datafield>
<datafield ind1=" " ind2=" " tag="300">
<subfield code="a">Online-Ressource</subfield>
</datafield>
<datafield ind1=" " ind2=" " tag="336">
<subfield code="a">Text</subfield>
<subfield code="b">txt</subfield>
<subfield code="2">rdacontent</subfield>
</datafield>
<datafield ind1=" " ind2=" " tag="337">
<subfield code="a">Computermedien</subfield>
<subfield code="b">c</subfield>
<subfield code="2">rdamedia</subfield>
</datafield>
<datafield ind1=" " ind2=" " tag="338">
<subfield code="a">Online-Ressource</subfield>
<subfield code="b">cr</subfield>
<subfield code="2">rdacarrier</subfield>
</datafield>
<datafield ind1=" " ind2=" " tag="500">
<subfield code="a">In: Nina Heindl: Opazität und Transparenz: Überlegungen zum poietischen Potenzial in Chris Wares Comics und Animationen. In: Hans-Joachim Backe, Julia Eckel, Erwin Feyersinger et al. (Hg.): Ästhetik des Gemachten. Interdisziplinäre Beiträge zur Animations- und Comicforschung. Bielefeld: transcript (2018), S. 177–202. DOI: https://dx.doi.org/10.1515/9783110538724-008.</subfield>
</datafield>
<datafield ind1=" " ind2=" " tag="500">
<subfield code="a">In: https://dx.doi.org/10.1515/9783110538724</subfield>
</datafield>
<datafield ind1="1" ind2=" " tag="583">
<subfield code="a">Archivierung/Langzeitarchivierung gewährleistet</subfield>
<subfield code="5">DE-101</subfield>
<subfield code="2">pdager</subfield>
</datafield>
<datafield ind1="1" ind2="7" tag="600">
<subfield code="8">11\p</subfield>
<subfield code="0">(DE-588)124401724</subfield>
<subfield code="0">https://d-nb.info/gnd/124401724</subfield>
<subfield code="0">(DE-101)124401724</subfield>
<subfield code="a">Ware, Chris</subfield>
<subfield code="d">1967-</subfield>
<subfield code="2">gnd</subfield>
</datafield>
<datafield ind1=" " ind2="7" tag="650">
<subfield code="8">8\p</subfield>
<subfield code="0">(DE-588)4010427-8</subfield>
<subfield code="0">https://d-nb.info/gnd/4010427-8</subfield>
<subfield code="0">(DE-101)040104273</subfield>
<subfield code="a">Comic</subfield>
<subfield code="2">gnd</subfield>
</datafield>
<datafield ind1=" " ind2="7" tag="650">
<subfield code="8">9\p</subfield>
<subfield code="0">(DE-588)4139404-5</subfield>
<subfield code="0">https://d-nb.info/gnd/4139404-5</subfield>
<subfield code="0">(DE-101)041394046</subfield>
<subfield code="a">Ware</subfield>
<subfield code="2">gnd</subfield>
</datafield>
<datafield ind1=" " ind2="7" tag="650">
<subfield code="8">10\p</subfield>
<subfield code="0">(DE-588)4494369-6</subfield>
<subfield code="0">https://d-nb.info/gnd/4494369-6</subfield>
<subfield code="0">(DE-101)953238717</subfield>
<subfield code="a">Opazität</subfield>
<subfield code="2">gnd</subfield>
</datafield>
<datafield ind1=" " ind2=" " tag="653">
<subfield code="a">Comic</subfield>
</datafield>
<datafield ind1=" " ind2=" " tag="653">
<subfield code="a">Film</subfield>
</datafield>
<datafield ind1=" " ind2=" " tag="653">
<subfield code="a">Poiesis</subfield>
</datafield>
<datafield ind1=" " ind2=" " tag="653">
<subfield code="a">Selbstreflexivität</subfield>
</datafield>
<datafield ind1="1" ind2=" " tag="700">
<subfield code="8">3\p</subfield>
<subfield code="a">Backe, Hans-Joachim</subfield>
<subfield code="e">Herausgeber</subfield>
<subfield code="4">edt</subfield>
</datafield>
<datafield ind1="1" ind2=" " tag="700">
<subfield code="8">4\p</subfield>
<subfield code="0">(DE-588)185430597</subfield>
<subfield code="0">https://d-nb.info/gnd/185430597</subfield>
<subfield code="0">(DE-101)185430597</subfield>
<subfield code="a">Eckel, Julia</subfield>
<subfield code="d">1982-</subfield>
<subfield code="e">Herausgeber</subfield>
<subfield code="4">edt</subfield>
<subfield code="2">gnd</subfield>
</datafield>
<datafield ind1="1" ind2=" " tag="700">
<subfield code="8">5\p</subfield>
<subfield code="a">Feyersinger, Erwin</subfield>
<subfield code="e">Herausgeber</subfield>
<subfield code="4">edt</subfield>
</datafield>
<datafield ind1="1" ind2=" " tag="700">
<subfield code="8">6\p</subfield>
<subfield code="0">(DE-588)1014773768</subfield>
<subfield code="0">https://d-nb.info/gnd/1014773768</subfield>
<subfield code="0">(DE-101)1014773768</subfield>
<subfield code="a">Sina, Véronique</subfield>
<subfield code="d">1979-</subfield>
<subfield code="e">Herausgeber</subfield>
<subfield code="4">edt</subfield>
<subfield code="2">gnd</subfield>
</datafield>
<datafield ind1="1" ind2=" " tag="700">
<subfield code="8">7\p</subfield>
<subfield code="0">(DE-588)1044611642</subfield>
<subfield code="0">https://d-nb.info/gnd/1044611642</subfield>
<subfield code="0">(DE-101)1044611642</subfield>
<subfield code="a">Thon, Jan-Noël</subfield>
<subfield code="d">1981-</subfield>
<subfield code="e">Herausgeber</subfield>
<subfield code="4">edt</subfield>
<subfield code="2">gnd</subfield>
</datafield>
<datafield ind1=" " ind2=" " tag="850">
<subfield code="a">DE-101a</subfield>
<subfield code="a">DE-101b</subfield>
</datafield>
<datafield ind1="4" ind2="0" tag="856">
<subfield code="u">https://doi.org/10.25969/mediarep/11965</subfield>
<subfield code="x">Resolving-System</subfield>
</datafield>
<datafield ind1="4" ind2="0" tag="856">
<subfield code="u">https://nbn-resolving.org/urn:nbn:de:101:1-2021082315401424247816</subfield>
<subfield code="x">Resolving-System</subfield>
</datafield>
<datafield ind1=" " ind2="0" tag="856">
<subfield code="u">https://d-nb.info/1239609698/34</subfield>
<subfield code="x">Langzeitarchivierung Nationalbibliothek</subfield>
</datafield>
<datafield ind1="4" ind2=" " tag="856">
<subfield code="q">application/pdf</subfield>
<subfield code="u">https://mediarep.org/handle/doc/12874</subfield>
<subfield code="x">Verlag</subfield>
<subfield code="z">kostenfrei</subfield>
</datafield>
<datafield ind1="1" ind2=" " tag="883">
<subfield code="8">1\p</subfield>
<subfield code="a">npi</subfield>
<subfield code="d">20210823</subfield>
<subfield code="q">DE-101</subfield>
<subfield code="u">https://d-nb.info/provenance/plan#npi</subfield>
</datafield>
<datafield ind1="1" ind2=" " tag="883">
<subfield code="8">2\p</subfield>
<subfield code="a">npi</subfield>
<subfield code="d">20210823</subfield>
<subfield code="q">DE-101</subfield>
<subfield code="u">https://d-nb.info/provenance/plan#npi</subfield>
</datafield>
<datafield ind1="1" ind2=" " tag="883">
<subfield code="8">3\p</subfield>
<subfield code="a">npi</subfield>
<subfield code="d">20210823</subfield>
<subfield code="q">DE-101</subfield>
<subfield code="u">https://d-nb.info/provenance/plan#npi</subfield>
</datafield>
<datafield ind1="0" ind2=" " tag="883">
<subfield code="8">4\p</subfield>
<subfield code="a">ptc002</subfield>
<subfield code="d">20260117</subfield>
<subfield code="q">DE-101</subfield>
<subfield code="u">https://d-nb.info/provenance/plan#ptc002</subfield>
</datafield>
<datafield ind1="1" ind2=" " tag="883">
<subfield code="8">5\p</subfield>
<subfield code="a">npi</subfield>
<subfield code="d">20210823</subfield>
<subfield code="q">DE-101</subfield>
<subfield code="u">https://d-nb.info/provenance/plan#npi</subfield>
</datafield>
<datafield ind1="0" ind2=" " tag="883">
<subfield code="8">6\p</subfield>
<subfield code="a">ptc002</subfield>
<subfield code="d">20260117</subfield>
<subfield code="q">DE-101</subfield>
<subfield code="u">https://d-nb.info/provenance/plan#ptc002</subfield>
</datafield>
<datafield ind1="0" ind2=" " tag="883">
<subfield code="8">7\p</subfield>
<subfield code="a">ptc002</subfield>
<subfield code="d">20260117</subfield>
<subfield code="q">DE-101</subfield>
<subfield code="u">https://d-nb.info/provenance/plan#ptc002</subfield>
</datafield>
<datafield ind1="0" ind2=" " tag="883">
<subfield code="8">8\p</subfield>
<subfield code="a">aepgnd</subfield>
<subfield code="c">0,42022</subfield>
<subfield code="d">20210824</subfield>
<subfield code="q">DE-101</subfield>
<subfield code="u">https://d-nb.info/provenance/plan#aepgnd</subfield>
</datafield>
<datafield ind1="0" ind2=" " tag="883">
<subfield code="8">9\p</subfield>
<subfield code="a">aepgnd</subfield>
<subfield code="c">0,19237</subfield>
<subfield code="d">20210824</subfield>
<subfield code="q">DE-101</subfield>
<subfield code="u">https://d-nb.info/provenance/plan#aepgnd</subfield>
</datafield>
<datafield ind1="0" ind2=" " tag="883">
<subfield code="8">10\p</subfield>
<subfield code="a">aepgnd</subfield>
<subfield code="c">0,05016</subfield>
<subfield code="d">20210824</subfield>
<subfield code="q">DE-101</subfield>
<subfield code="u">https://d-nb.info/provenance/plan#aepgnd</subfield>
</datafield>
<datafield ind1="0" ind2=" " tag="883">
<subfield code="8">11\p</subfield>
<subfield code="a">aepgnd</subfield>
<subfield code="c">0,02862</subfield>
<subfield code="d">20210824</subfield>
<subfield code="q">DE-101</subfield>
<subfield code="u">https://d-nb.info/provenance/plan#aepgnd</subfield>
</datafield>
<datafield ind1="0" ind2=" " tag="883">
<subfield code="8">12\p</subfield>
<subfield code="a">aepsg</subfield>
<subfield code="c">0,99250</subfield>
<subfield code="d">20210824</subfield>
<subfield code="q">DE-101</subfield>
<subfield code="u">https://d-nb.info/provenance/plan#aepsg</subfield>
</datafield>
<datafield ind1="r" ind2=" " tag="925">
<subfield code="a">ro</subfield>
<subfield code="a">rb</subfield>
</datafield>
<datafield ind1=" " ind2=" " tag="927">
<subfield code="a">755499031</subfield>
</datafield>
</record>