<record type="Bibliographic" xmlns="http://www.loc.gov/MARC21/slim">
<leader>00000nam a2200000uc 4500</leader>
<controlfield tag="001">1169571506</controlfield>
<controlfield tag="003">DE-101</controlfield>
<controlfield tag="005">20230428140719.0</controlfield>
<controlfield tag="007">cr||||||||||||</controlfield>
<controlfield tag="008">181022s2018    gw |||||o|||| 00||||ger  </controlfield>
<datafield ind1=" " ind2=" " tag="015">
<subfield code="a">18,O11</subfield>
<subfield code="2">dnb</subfield>
</datafield>
<datafield ind1="7" ind2=" " tag="016">
<subfield code="2">DE-101</subfield>
<subfield code="a">1169571506</subfield>
</datafield>
<datafield ind1="7" ind2=" " tag="024">
<subfield code="a">10.6094/heroicum/shd1.0</subfield>
<subfield code="2">doi</subfield>
</datafield>
<datafield ind1="7" ind2=" " tag="024">
<subfield code="2">urn</subfield>
<subfield code="a">urn:nbn:de:bsz:25-freidok-165736</subfield>
</datafield>
<datafield ind1=" " ind2=" " tag="035">
<subfield code="a">(DE-599)DNB1169571506</subfield>
</datafield>
<datafield ind1=" " ind2=" " tag="035">
<subfield code="a">(OCoLC)1187814440</subfield>
</datafield>
<datafield ind1=" " ind2=" " tag="040">
<subfield code="a">1240</subfield>
<subfield code="b">ger</subfield>
<subfield code="c">DE-101</subfield>
<subfield code="d">1247</subfield>
<subfield code="e">rda</subfield>
</datafield>
<datafield ind1=" " ind2=" " tag="041">
<subfield code="a">ger</subfield>
</datafield>
<datafield ind1=" " ind2=" " tag="044">
<subfield code="c">XA-DE-BW</subfield>
</datafield>
<datafield ind1="7" ind2="4" tag="082">
<subfield code="8">3\p</subfield>
<subfield code="a">741.5</subfield>
<subfield code="q">DE-101</subfield>
<subfield code="2">23sdnb</subfield>
</datafield>
<datafield ind1="1" ind2=" " tag="100">
<subfield code="0">(DE-588)1071906445</subfield>
<subfield code="0">https://d-nb.info/gnd/1071906445</subfield>
<subfield code="0">(DE-101)1071906445</subfield>
<subfield code="a">Giesa, Felix</subfield>
<subfield code="e">Verfasser</subfield>
<subfield code="4">aut</subfield>
<subfield code="2">gnd</subfield>
</datafield>
<datafield ind1="1" ind2="0" tag="245">
<subfield code="a">Superhelden</subfield>
</datafield>
<datafield ind1=" " ind2=" " tag="250">
<subfield code="a">Version 1.0, zuletzt bearbeitet am 11. Okt. 2018</subfield>
</datafield>
<datafield ind1=" " ind2="1" tag="264">
<subfield code="a">Freiburg</subfield>
<subfield code="b">Universität</subfield>
<subfield code="c">2018</subfield>
</datafield>
<datafield ind1=" " ind2=" " tag="300">
<subfield code="a">Online-Ressource</subfield>
</datafield>
<datafield ind1=" " ind2=" " tag="336">
<subfield code="a">Text</subfield>
<subfield code="b">txt</subfield>
<subfield code="2">rdacontent</subfield>
</datafield>
<datafield ind1=" " ind2=" " tag="337">
<subfield code="a">Computermedien</subfield>
<subfield code="b">c</subfield>
<subfield code="2">rdamedia</subfield>
</datafield>
<datafield ind1=" " ind2=" " tag="338">
<subfield code="a">Online-Ressource</subfield>
<subfield code="b">cr</subfield>
<subfield code="2">rdacarrier</subfield>
</datafield>
<datafield ind1="0" ind2=" " tag="490">
<subfield code="a">Compendium heroicum : das Online-Lexikon des Sonderforschungsbereichs 948 „Helden – Heroisierungen – Heroismen“</subfield>
</datafield>
<datafield ind1="1" ind2=" " tag="506">
<subfield code="a">Kein Open Access</subfield>
<subfield code="f">Online access with authorization</subfield>
<subfield code="u">http://purl.org/coar/access_right/c_16ec</subfield>
<subfield code="2">star</subfield>
</datafield>
<datafield ind1=" " ind2=" " tag="520">
<subfield code="a">Abstract: Das entscheidende Merkmal des Superheldentums ist seine Fiktionalität: Superheldinnen und Superhelden fallen durch ihren phantastischen Charakter aus den welthaltigen Registern des Heldentums heraus. Der Einsatz ihrer meist wunderbaren Fähigkeiten, namentlich: ihrer Superkräfte, die sie von anderen Menschen unterscheiden und sie den Rastern der Normalisierungsschemata entziehen, wird deshalb auch in den meisten Fällen als visuelle Ausnahmestelle inszeniert – sei es im Comic, im Film, in der Fernsehserie oder im Computer- und Videospiel</subfield>
</datafield>
<datafield ind1=" " ind2=" " tag="540">
<subfield code="f">cc_by_nd</subfield>
<subfield code="u">http://creativecommons.org/licenses/by-nd/4.0/deed.de</subfield>
<subfield code="2">cc</subfield>
</datafield>
<datafield ind1="1" ind2=" " tag="583">
<subfield code="a">Archivierung/Langzeitarchivierung gewährleistet</subfield>
<subfield code="5">DE-101</subfield>
<subfield code="2">pdager</subfield>
</datafield>
<datafield ind1=" " ind2="7" tag="650">
<subfield code="8">1\p</subfield>
<subfield code="0">(DE-588)4291285-4</subfield>
<subfield code="0">https://d-nb.info/gnd/4291285-4</subfield>
<subfield code="0">(DE-101)042912857</subfield>
<subfield code="a">Superheld</subfield>
<subfield code="2">gnd</subfield>
</datafield>
<datafield ind1=" " ind2="7" tag="650">
<subfield code="8">2\p</subfield>
<subfield code="0">(DE-588)4010427-8</subfield>
<subfield code="0">https://d-nb.info/gnd/4010427-8</subfield>
<subfield code="0">(DE-101)040104273</subfield>
<subfield code="a">Comic</subfield>
<subfield code="2">gnd</subfield>
</datafield>
<datafield ind1=" " ind2="7" tag="650">
<subfield code="0">(DE-588)4291285-4</subfield>
<subfield code="0">https://d-nb.info/gnd/4291285-4</subfield>
<subfield code="0">(DE-101)042912857</subfield>
<subfield code="a">Superheld</subfield>
<subfield code="2">gnd</subfield>
</datafield>
<datafield ind1=" " ind2="7" tag="650">
<subfield code="0">(DE-588)4124921-5</subfield>
<subfield code="0">https://d-nb.info/gnd/4124921-5</subfield>
<subfield code="0">(DE-101)041249216</subfield>
<subfield code="a">Übermensch</subfield>
<subfield code="2">gnd</subfield>
</datafield>
<datafield ind1=" " ind2="7" tag="650">
<subfield code="0">(DE-588)4031575-7</subfield>
<subfield code="0">https://d-nb.info/gnd/4031575-7</subfield>
<subfield code="0">(DE-101)040315754</subfield>
<subfield code="a">Körper</subfield>
<subfield code="2">gnd</subfield>
</datafield>
<datafield ind1=" " ind2="7" tag="650">
<subfield code="0">(DE-588)4187854-1</subfield>
<subfield code="0">https://d-nb.info/gnd/4187854-1</subfield>
<subfield code="0">(DE-101)04187854X</subfield>
<subfield code="a">Verkleidung</subfield>
<subfield code="2">gnd</subfield>
</datafield>
<datafield ind1=" " ind2="7" tag="650">
<subfield code="0">(DE-588)4192723-0</subfield>
<subfield code="0">https://d-nb.info/gnd/4192723-0</subfield>
<subfield code="0">(DE-101)041927230</subfield>
<subfield code="a">Fiktion</subfield>
<subfield code="2">gnd</subfield>
</datafield>
<datafield ind1=" " ind2="7" tag="650">
<subfield code="0">(DE-588)4045671-7</subfield>
<subfield code="0">https://d-nb.info/gnd/4045671-7</subfield>
<subfield code="0">(DE-101)040456714</subfield>
<subfield code="a">Fantasie</subfield>
<subfield code="2">gnd</subfield>
</datafield>
<datafield ind1=" " ind2="7" tag="650">
<subfield code="0">(DE-588)4041005-5</subfield>
<subfield code="0">https://d-nb.info/gnd/4041005-5</subfield>
<subfield code="0">(DE-101)040410056</subfield>
<subfield code="a">Mythologie</subfield>
<subfield code="2">gnd</subfield>
</datafield>
<datafield ind1=" " ind2="7" tag="650">
<subfield code="0">(DE-588)4152975-3</subfield>
<subfield code="0">https://d-nb.info/gnd/4152975-3</subfield>
<subfield code="0">(DE-101)041529758</subfield>
<subfield code="a">Erzähltheorie</subfield>
<subfield code="2">gnd</subfield>
</datafield>
<datafield ind1=" " ind2="7" tag="650">
<subfield code="0">(DE-588)4605581-2</subfield>
<subfield code="0">https://d-nb.info/gnd/4605581-2</subfield>
<subfield code="0">(DE-101)959790721</subfield>
<subfield code="a">Intermedialität</subfield>
<subfield code="2">gnd</subfield>
</datafield>
<datafield ind1=" " ind2="7" tag="650">
<subfield code="0">(DE-588)4010427-8</subfield>
<subfield code="0">https://d-nb.info/gnd/4010427-8</subfield>
<subfield code="0">(DE-101)040104273</subfield>
<subfield code="a">Comic</subfield>
<subfield code="2">gnd</subfield>
</datafield>
<datafield ind1=" " ind2="7" tag="650">
<subfield code="0">(DE-588)4175361-6</subfield>
<subfield code="0">https://d-nb.info/gnd/4175361-6</subfield>
<subfield code="0">(DE-101)041753615</subfield>
<subfield code="a">Popkultur</subfield>
<subfield code="2">gnd</subfield>
</datafield>
<datafield ind1=" " ind2="6" tag="653">
<subfield code="a">(local)article</subfield>
</datafield>
<datafield ind1="1" ind2=" " tag="700">
<subfield code="0">(DE-588)132433508</subfield>
<subfield code="0">https://d-nb.info/gnd/132433508</subfield>
<subfield code="0">(DE-101)132433508</subfield>
<subfield code="a">Meteling, Arno</subfield>
<subfield code="d">1972-</subfield>
<subfield code="e">Verfasser</subfield>
<subfield code="4">aut</subfield>
<subfield code="2">gnd</subfield>
</datafield>
<datafield ind1="2" ind2=" " tag="710">
<subfield code="0">(DE-588)1081940891</subfield>
<subfield code="0">https://d-nb.info/gnd/1081940891</subfield>
<subfield code="0">(DE-101)1081940891</subfield>
<subfield code="a">Albert-Ludwigs-Universität Freiburg</subfield>
<subfield code="b">Sonderforschungsbereich 948 "Helden - Heroisierungen - Heroismen"</subfield>
<subfield code="e">Mitwirkender</subfield>
<subfield code="4">ctb</subfield>
<subfield code="2">gnd</subfield>
</datafield>
<datafield ind1=" " ind2=" " tag="850">
<subfield code="a">DE-101a</subfield>
<subfield code="a">DE-101b</subfield>
</datafield>
<datafield ind1="4" ind2="0" tag="856">
<subfield code="u">https://doi.org/10.6094/heroicum/shd1.0</subfield>
<subfield code="x">Resolving-System</subfield>
</datafield>
<datafield ind1="4" ind2="0" tag="856">
<subfield code="u">https://nbn-resolving.org/urn:nbn:de:bsz:25-freidok-165736</subfield>
<subfield code="x">Resolving-System</subfield>
</datafield>
<datafield ind1=" " ind2="0" tag="856">
<subfield code="u">https://d-nb.info/1169571506/34</subfield>
<subfield code="x">Langzeitarchivierung Nationalbibliothek</subfield>
</datafield>
<datafield ind1="4" ind2=" " tag="856">
<subfield code="q">application/pdf</subfield>
<subfield code="u">https://freidok.uni-freiburg.de/data/16573</subfield>
<subfield code="z">kostenfrei</subfield>
</datafield>
<datafield ind1="0" ind2=" " tag="883">
<subfield code="8">1\p</subfield>
<subfield code="a">aepgnd</subfield>
<subfield code="c">0,77558</subfield>
<subfield code="d">20181023</subfield>
<subfield code="q">DE-101</subfield>
<subfield code="u">https://d-nb.info/provenance/plan#aepgnd</subfield>
</datafield>
<datafield ind1="0" ind2=" " tag="883">
<subfield code="8">2\p</subfield>
<subfield code="a">aepgnd</subfield>
<subfield code="c">0,14196</subfield>
<subfield code="d">20181023</subfield>
<subfield code="q">DE-101</subfield>
<subfield code="u">https://d-nb.info/provenance/plan#aepgnd</subfield>
</datafield>
<datafield ind1="0" ind2=" " tag="883">
<subfield code="8">3\p</subfield>
<subfield code="a">aepsg</subfield>
<subfield code="c">0,99715</subfield>
<subfield code="d">20181023</subfield>
<subfield code="q">DE-101</subfield>
<subfield code="u">https://d-nb.info/provenance/plan#aepsg</subfield>
</datafield>
<datafield ind1="r" ind2=" " tag="925">
<subfield code="a">ro</subfield>
<subfield code="a">rb</subfield>
</datafield>
<datafield ind1=" " ind2=" " tag="927">
<subfield code="a">28966953</subfield>
</datafield>
</record>