<record type="Bibliographic" xmlns="http://www.loc.gov/MARC21/slim">
<leader>00000nas a2200000 c 4500</leader>
<controlfield tag="001">1346483701</controlfield>
<controlfield tag="003">DE-101</controlfield>
<controlfield tag="005">20250226183411.0</controlfield>
<controlfield tag="007">cr||||||||||||</controlfield>
<controlfield tag="008">241029c20169999gw z||p|o ||| 0||||1ger c</controlfield>
<datafield ind1=" " ind2=" " tag="015">
<subfield code="a">25,O03</subfield>
<subfield code="2">dnb</subfield>
</datafield>
<datafield ind1="7" ind2=" " tag="016">
<subfield code="2">DE-600</subfield>
<subfield code="a">3207292-2</subfield>
</datafield>
<datafield ind1="7" ind2=" " tag="016">
<subfield code="2">DE-101</subfield>
<subfield code="a">1346483701</subfield>
</datafield>
<datafield ind1=" " ind2=" " tag="035">
<subfield code="a">(DE-599)DNB1346483701</subfield>
</datafield>
<datafield ind1=" " ind2=" " tag="035">
<subfield code="a">(OCoLC)1500259951</subfield>
</datafield>
<datafield ind1=" " ind2=" " tag="040">
<subfield code="a">1240</subfield>
<subfield code="b">ger</subfield>
<subfield code="c">DE-600</subfield>
<subfield code="d">9999</subfield>
<subfield code="e">rda</subfield>
</datafield>
<datafield ind1=" " ind2=" " tag="041">
<subfield code="a">ger</subfield>
</datafield>
<datafield ind1=" " ind2=" " tag="042">
<subfield code="a">zdb</subfield>
</datafield>
<datafield ind1=" " ind2=" " tag="044">
<subfield code="c">XA-DE</subfield>
</datafield>
<datafield ind1="7" ind2="4" tag="082">
<subfield code="8">2\p</subfield>
<subfield code="a">741.5</subfield>
<subfield code="q">DE-101</subfield>
<subfield code="2">23sdnb</subfield>
</datafield>
<datafield ind1="7" ind2=" " tag="083">
<subfield code="a">741.5</subfield>
<subfield code="q">DE-600</subfield>
<subfield code="2">23sdnb</subfield>
</datafield>
<datafield ind1=" " ind2=" " tag="090">
<subfield code="n">la</subfield>
</datafield>
<datafield ind1="0" ind2="0" tag="245">
<subfield code="a">Gringo Mag</subfield>
<subfield code="c">Gringo Comics</subfield>
</datafield>
<datafield ind1="3" ind2=" " tag="246">
<subfield code="a">GringoMag</subfield>
</datafield>
<datafield ind1="3" ind2="1" tag="264">
<subfield code="a">Esslingen</subfield>
<subfield code="b">Gringo Comics</subfield>
<subfield code="c">[2016]-</subfield>
</datafield>
<datafield ind1=" " ind2=" " tag="300">
<subfield code="a">Online-Ressource</subfield>
</datafield>
<datafield ind1=" " ind2=" " tag="336">
<subfield code="a">unbewegtes Bild</subfield>
<subfield code="b">sti</subfield>
<subfield code="2">rdacontent</subfield>
</datafield>
<datafield ind1=" " ind2=" " tag="336">
<subfield code="a">Text</subfield>
<subfield code="b">txt</subfield>
<subfield code="2">rdacontent</subfield>
</datafield>
<datafield ind1=" " ind2=" " tag="337">
<subfield code="a">Computermedien</subfield>
<subfield code="b">c</subfield>
<subfield code="2">rdamedia</subfield>
</datafield>
<datafield ind1=" " ind2=" " tag="338">
<subfield code="a">Online-Ressource</subfield>
<subfield code="b">cr</subfield>
<subfield code="2">rdacarrier</subfield>
</datafield>
<datafield ind1="0" ind2=" " tag="362">
<subfield code="a">2016, 01-</subfield>
</datafield>
<datafield ind1="0" ind2="1" tag="363">
<subfield code="8">1.1\x</subfield>
<subfield code="b">1</subfield>
<subfield code="i">2016</subfield>
</datafield>
<datafield ind1=" " ind2=" " tag="500">
<subfield code="a">Gesehen am 11.02.2025</subfield>
</datafield>
<datafield ind1="1" ind2=" " tag="583">
<subfield code="a">Archivierung/Langzeitarchivierung gewährleistet</subfield>
<subfield code="5">DE-101</subfield>
<subfield code="2">pdager</subfield>
</datafield>
<datafield ind1=" " ind2="7" tag="655">
<subfield code="0">(DE-588)4067488-5</subfield>
<subfield code="0">https://d-nb.info/gnd/4067488-5</subfield>
<subfield code="0">(DE-101)040674886</subfield>
<subfield code="a">Zeitschrift</subfield>
<subfield code="2">gnd-content</subfield>
</datafield>
<datafield ind1=" " ind2="7" tag="655">
<subfield code="0">(DE-588)4010427-8</subfield>
<subfield code="0">https://d-nb.info/gnd/4010427-8</subfield>
<subfield code="0">(DE-101)040104273</subfield>
<subfield code="a">Comic</subfield>
<subfield code="2">gnd-content</subfield>
</datafield>
<datafield ind1="0" ind2="8" tag="776">
<subfield code="i">Erscheint auch als</subfield>
<subfield code="n">Druck-Ausgabe</subfield>
<subfield code="t">Gringo Mag</subfield>
<subfield code="d">Esslingen : Gringo Comics, [2021?]-</subfield>
<subfield code="h">Bände</subfield>
<subfield code="w">(DE-600)3130270-1</subfield>
<subfield code="w">(DE-101)1264942060</subfield>
</datafield>
<datafield ind1=" " ind2=" " tag="850">
<subfield code="a">DE-101a</subfield>
<subfield code="a">DE-101b</subfield>
</datafield>
<datafield ind1="4" ind2=" " tag="856">
<subfield code="u">https://gringo-comics.de/category/gringomag/</subfield>
<subfield code="x">Verlag</subfield>
<subfield code="z">kostenfrei</subfield>
</datafield>
<datafield ind1="2" ind2=" " tag="883">
<subfield code="8">2\p</subfield>
<subfield code="a">dnb</subfield>
<subfield code="d">20250211</subfield>
<subfield code="q">DE-101</subfield>
<subfield code="u">https://d-nb.info/provenance/plan#dnb</subfield>
</datafield>
<datafield ind1="r" ind2=" " tag="925">
<subfield code="a">ro</subfield>
<subfield code="a">ra</subfield>
</datafield>
<datafield ind1=" " ind2=" " tag="927">
<subfield code="a">796786698</subfield>
</datafield>
</record>