<record type="Bibliographic" xmlns="http://www.loc.gov/MARC21/slim">
<leader>00000naa a2200000uc 4500</leader>
<controlfield tag="001">1080772898</controlfield>
<controlfield tag="003">DE-101</controlfield>
<controlfield tag="005">20230224160930.0</controlfield>
<controlfield tag="007">cr||||||||||||</controlfield>
<controlfield tag="008">160104s2015    gw |||||o|||| 00||||ger  </controlfield>
<datafield ind1=" " ind2=" " tag="015">
<subfield code="a">16,O02</subfield>
<subfield code="2">dnb</subfield>
</datafield>
<datafield ind1="7" ind2=" " tag="016">
<subfield code="2">DE-101</subfield>
<subfield code="a">1080772898</subfield>
</datafield>
<datafield ind1="7" ind2=" " tag="024">
<subfield code="2">urn</subfield>
<subfield code="a">urn:nbn:de:bvb:384-opus4-31288</subfield>
</datafield>
<datafield ind1=" " ind2=" " tag="035">
<subfield code="a">(DE-599)DNB1080772898</subfield>
</datafield>
<datafield ind1=" " ind2=" " tag="035">
<subfield code="a">(OCoLC)936779508</subfield>
</datafield>
<datafield ind1=" " ind2=" " tag="040">
<subfield code="a">1240</subfield>
<subfield code="b">ger</subfield>
<subfield code="c">DE-101</subfield>
<subfield code="d">9999</subfield>
</datafield>
<datafield ind1=" " ind2=" " tag="041">
<subfield code="a">ger</subfield>
</datafield>
<datafield ind1=" " ind2=" " tag="044">
<subfield code="c">XA-DE-BY</subfield>
</datafield>
<datafield ind1="7" ind2="4" tag="082">
<subfield code="8">2\p</subfield>
<subfield code="a">741.5</subfield>
<subfield code="q">DE-101</subfield>
<subfield code="2">23sdnb</subfield>
</datafield>
<datafield ind1="1" ind2=" " tag="100">
<subfield code="8">1\p</subfield>
<subfield code="0">(DE-588)123843855</subfield>
<subfield code="0">https://d-nb.info/gnd/123843855</subfield>
<subfield code="0">(DE-101)123843855</subfield>
<subfield code="a">Hausmanninger, Thomas</subfield>
<subfield code="d">1958-</subfield>
<subfield code="e">Verfasser</subfield>
<subfield code="4">aut</subfield>
<subfield code="2">gnd</subfield>
</datafield>
<datafield ind1="1" ind2="0" tag="245">
<subfield code="a">Kommunikation und Devianz: Zur medienethischen Diskussion um die korrumpierende Funktion von Unterhaltungsmedien am Beispiel der Comic-Serie "Superman"</subfield>
<subfield code="c">Thomas Hausmanninger</subfield>
</datafield>
<datafield ind1=" " ind2="1" tag="264">
<subfield code="a">Augsburg</subfield>
<subfield code="b">Universität Augsburg</subfield>
<subfield code="c">2015</subfield>
</datafield>
<datafield ind1=" " ind2=" " tag="300">
<subfield code="a">Online-Ressource</subfield>
</datafield>
<datafield ind1=" " ind2=" " tag="336">
<subfield code="a">Text</subfield>
<subfield code="b">txt</subfield>
<subfield code="2">rdacontent</subfield>
</datafield>
<datafield ind1=" " ind2=" " tag="337">
<subfield code="a">Computermedien</subfield>
<subfield code="b">c</subfield>
<subfield code="2">rdamedia</subfield>
</datafield>
<datafield ind1=" " ind2=" " tag="338">
<subfield code="a">Online-Ressource</subfield>
<subfield code="b">cr</subfield>
<subfield code="2">rdacarrier</subfield>
</datafield>
<datafield ind1="1" ind2=" " tag="583">
<subfield code="a">Archivierung/Langzeitarchivierung gewährleistet</subfield>
<subfield code="5">DE-101</subfield>
<subfield code="2">pdager</subfield>
</datafield>
<datafield ind1=" " ind2="7" tag="650">
<subfield code="a">Katholische Theologie</subfield>
<subfield code="2">gnd</subfield>
</datafield>
<datafield ind1=" " ind2="7" tag="650">
<subfield code="a">Medien</subfield>
<subfield code="2">gnd</subfield>
</datafield>
<datafield ind1=" " ind2="7" tag="650">
<subfield code="a">Comic</subfield>
<subfield code="2">gnd</subfield>
</datafield>
<datafield ind1=" " ind2="7" tag="650">
<subfield code="a">Ethik</subfield>
<subfield code="2">gnd</subfield>
</datafield>
<datafield ind1=" " ind2="7" tag="650">
<subfield code="a">Abweichendes Verhalten</subfield>
<subfield code="2">gnd</subfield>
</datafield>
<datafield ind1="0" ind2="8" tag="773">
<subfield code="t">In: Münchener theologische Zeitschrift: Vierteljahresschrift für das Gesamtgebiet der katholischen Theologie, 39,2, S. 121-137</subfield>
</datafield>
<datafield ind1=" " ind2=" " tag="850">
<subfield code="a">DE-101a</subfield>
<subfield code="a">DE-101b</subfield>
</datafield>
<datafield ind1="4" ind2="0" tag="856">
<subfield code="u">https://nbn-resolving.org/urn:nbn:de:bvb:384-opus4-31288</subfield>
<subfield code="x">Resolving-System</subfield>
</datafield>
<datafield ind1=" " ind2="0" tag="856">
<subfield code="u">https://d-nb.info/1080772898/34</subfield>
<subfield code="x">Langzeitarchivierung Nationalbibliothek</subfield>
</datafield>
<datafield ind1="4" ind2=" " tag="856">
<subfield code="u">http://opus.bibliothek.uni-augsburg.de/opus4/frontdoor/index/index/docId/3128</subfield>
<subfield code="x">Verlag</subfield>
<subfield code="z">kostenfrei</subfield>
</datafield>
<datafield ind1=" " ind2=" " tag="883">
<subfield code="8">1\p</subfield>
<subfield code="a">cgwrk</subfield>
<subfield code="d">20230210</subfield>
<subfield code="q">DE-101</subfield>
<subfield code="u">https://d-nb.info/provenance/plan#cgwrk</subfield>
</datafield>
<datafield ind1="0" ind2=" " tag="883">
<subfield code="8">2\p</subfield>
<subfield code="a">aepsg</subfield>
<subfield code="c">1,000</subfield>
<subfield code="d">20160105</subfield>
<subfield code="q">DE-101</subfield>
<subfield code="u">https://d-nb.info/provenance/plan#aepsg</subfield>
</datafield>
<datafield ind1="r" ind2=" " tag="925">
<subfield code="a">ro</subfield>
<subfield code="a">rb</subfield>
</datafield>
<datafield ind1=" " ind2=" " tag="927">
<subfield code="a">29360136</subfield>
</datafield>
</record>