<record type="Bibliographic" xmlns="http://www.loc.gov/MARC21/slim">
<leader>00000nam a2200000uc 4500</leader>
<controlfield tag="001">1037725301</controlfield>
<controlfield tag="003">DE-101</controlfield>
<controlfield tag="005">20251221071016.0</controlfield>
<controlfield tag="007">cr||||||||||||</controlfield>
<controlfield tag="008">130730s2013    gw |||||om||| 00||||eng  </controlfield>
<datafield ind1=" " ind2=" " tag="015">
<subfield code="a">13,O08</subfield>
<subfield code="2">dnb</subfield>
</datafield>
<datafield ind1="7" ind2=" " tag="016">
<subfield code="2">DE-101</subfield>
<subfield code="a">1037725301</subfield>
</datafield>
<datafield ind1="7" ind2=" " tag="024">
<subfield code="2">urn</subfield>
<subfield code="a">urn:nbn:de:gbv:8-diss-127430</subfield>
</datafield>
<datafield ind1=" " ind2=" " tag="035">
<subfield code="a">(DE-599)DNB1037725301</subfield>
</datafield>
<datafield ind1=" " ind2=" " tag="035">
<subfield code="a">(OCoLC)859013882</subfield>
</datafield>
<datafield ind1=" " ind2=" " tag="040">
<subfield code="a">1240</subfield>
<subfield code="b">ger</subfield>
<subfield code="c">DE-101</subfield>
<subfield code="d">9999</subfield>
</datafield>
<datafield ind1=" " ind2=" " tag="041">
<subfield code="a">eng</subfield>
</datafield>
<datafield ind1=" " ind2=" " tag="044">
<subfield code="c">XA-DE-SH</subfield>
</datafield>
<datafield ind1="0" ind2="4" tag="082">
<subfield code="8">5\u</subfield>
<subfield code="a">741.597309044</subfield>
<subfield code="q">DE-101</subfield>
<subfield code="2">22/ger</subfield>
</datafield>
<datafield ind1="7" ind2=" " tag="083">
<subfield code="8">6\p</subfield>
<subfield code="a">741.5</subfield>
<subfield code="q">DE-101</subfield>
<subfield code="2">23sdnb</subfield>
</datafield>
<datafield ind1=" " ind2=" " tag="085">
<subfield code="8">5\u</subfield>
<subfield code="b">741.59</subfield>
</datafield>
<datafield ind1=" " ind2=" " tag="085">
<subfield code="8">5\u</subfield>
<subfield code="z">2</subfield>
<subfield code="s">73</subfield>
</datafield>
<datafield ind1=" " ind2=" " tag="085">
<subfield code="8">5\u</subfield>
<subfield code="z">1</subfield>
<subfield code="s">09044</subfield>
</datafield>
<datafield ind1="1" ind2=" " tag="100">
<subfield code="0">(DE-588)1041370598</subfield>
<subfield code="0">https://d-nb.info/gnd/1041370598</subfield>
<subfield code="0">(DE-101)1041370598</subfield>
<subfield code="a">Philipzig, Jan</subfield>
<subfield code="d">1970-</subfield>
<subfield code="e">Verfasser</subfield>
<subfield code="4">aut</subfield>
<subfield code="2">gnd</subfield>
</datafield>
<datafield ind1="1" ind2="0" tag="245">
<subfield code="a">Ideology and Power in Pre-Code Comic Books: Struggles for Cultural Space, Audience, and Meaning</subfield>
<subfield code="c">Jan Philipzig</subfield>
</datafield>
<datafield ind1="3" ind2=" " tag="246">
<subfield code="a">Ideologie und Macht in Comic-Heften vor Einführung des Comics-Code: Das Ringen um kulturellen Raum, Leserschaft und Bedeutung</subfield>
</datafield>
<datafield ind1=" " ind2="1" tag="264">
<subfield code="a">Kiel</subfield>
<subfield code="b">Universitätsbibliothek Kiel</subfield>
<subfield code="c">2013</subfield>
</datafield>
<datafield ind1=" " ind2=" " tag="300">
<subfield code="a">Online-Ressource</subfield>
</datafield>
<datafield ind1=" " ind2=" " tag="336">
<subfield code="a">Text</subfield>
<subfield code="b">txt</subfield>
<subfield code="2">rdacontent</subfield>
</datafield>
<datafield ind1=" " ind2=" " tag="337">
<subfield code="a">Computermedien</subfield>
<subfield code="b">c</subfield>
<subfield code="2">rdamedia</subfield>
</datafield>
<datafield ind1=" " ind2=" " tag="338">
<subfield code="a">Online-Ressource</subfield>
<subfield code="b">cr</subfield>
<subfield code="2">rdacarrier</subfield>
</datafield>
<datafield ind1=" " ind2=" " tag="502">
<subfield code="a">Kiel, Christian-Albrechts-Universität, Diss., 2011</subfield>
</datafield>
<datafield ind1="1" ind2=" " tag="583">
<subfield code="a">Archivierung/Langzeitarchivierung gewährleistet</subfield>
<subfield code="5">DE-101</subfield>
<subfield code="2">pdager</subfield>
</datafield>
<datafield ind1=" " ind2="7" tag="650">
<subfield code="8">1\p</subfield>
<subfield code="0">(DE-588)4010427-8</subfield>
<subfield code="0">https://d-nb.info/gnd/4010427-8</subfield>
<subfield code="0">(DE-101)040104273</subfield>
<subfield code="a">Comic</subfield>
<subfield code="9">rswk-swf</subfield>
<subfield code="2">gnd</subfield>
</datafield>
<datafield ind1=" " ind2="7" tag="650">
<subfield code="8">3\p</subfield>
<subfield code="0">(DE-588)4194196-2</subfield>
<subfield code="0">https://d-nb.info/gnd/4194196-2</subfield>
<subfield code="0">(DE-101)041941969</subfield>
<subfield code="a">Textanalyse</subfield>
<subfield code="9">rswk-swf</subfield>
<subfield code="2">gnd</subfield>
</datafield>
<datafield ind1=" " ind2="7" tag="650">
<subfield code="a">Literatur, Rhetorik, Literaturwissenschaft</subfield>
<subfield code="2">gnd</subfield>
</datafield>
<datafield ind1=" " ind2=" " tag="653">
<subfield code="a">Literature, rhetoric criticism</subfield>
</datafield>
<datafield ind1=" " ind2=" " tag="653">
<subfield code="a">Philosophische Fakultät</subfield>
</datafield>
<datafield ind1=" " ind2=" " tag="653">
<subfield code="a">Faculty of Arts and Humanities</subfield>
</datafield>
<datafield ind1=" " ind2=" " tag="653">
<subfield code="a">Comics</subfield>
<subfield code="a">language</subfield>
<subfield code="a">ideology</subfield>
<subfield code="a">cultural studies</subfield>
<subfield code="a">marketing</subfield>
<subfield code="a">visual media</subfield>
<subfield code="a">word and image</subfield>
<subfield code="a">genre</subfield>
<subfield code="a">superhero</subfield>
<subfield code="a">villain</subfield>
<subfield code="a">horror</subfield>
<subfield code="a">crime</subfield>
<subfield code="a">romance</subfield>
<subfield code="a">war</subfield>
<subfield code="a">western</subfield>
<subfield code="a">artistic style</subfield>
<subfield code="a">parody</subfield>
<subfield code="a">stereotype</subfield>
<subfield code="a">reflexivity</subfield>
<subfield code="a">subculture</subfield>
<subfield code="a">fandom</subfield>
<subfield code="a">violence</subfield>
<subfield code="a">values</subfield>
<subfield code="a">gender</subfield>
<subfield code="a">hyper-masculinity</subfield>
<subfield code="a">class</subfield>
<subfield code="a">race</subfield>
<subfield code="a">age</subfield>
<subfield code="a">propaganda</subfield>
<subfield code="a">censorship</subfield>
<subfield code="a">moral panic</subfield>
<subfield code="a">youth market</subfield>
<subfield code="a">Superman</subfield>
<subfield code="a">Batman</subfield>
<subfield code="a">The Spirit</subfield>
<subfield code="a">Wonder Woman</subfield>
<subfield code="a">Plastic Man</subfield>
<subfield code="a">Justice Society of America</subfield>
<subfield code="a">Captain America</subfield>
<subfield code="a">Mad Magazine</subfield>
</datafield>
<datafield ind1=" " ind2=" " tag="653">
<subfield code="a">Comic-Heft</subfield>
<subfield code="a">Sprache</subfield>
<subfield code="a">Ideologie</subfield>
<subfield code="a">Cultural Studies</subfield>
<subfield code="a">Vermarktung</subfield>
<subfield code="a">visuelle Medien</subfield>
<subfield code="a">Wort und Bild</subfield>
<subfield code="a">Genre</subfield>
<subfield code="a">Superheld</subfield>
<subfield code="a">Erzschurke</subfield>
<subfield code="a">Horror</subfield>
<subfield code="a">Krimi-Genre</subfield>
<subfield code="a">Liebesgeschichte</subfield>
<subfield code="a">Kriegsgeschichte</subfield>
<subfield code="a">Western</subfield>
<subfield code="a">künstlerischer Stil</subfield>
<subfield code="a">Parodie</subfield>
<subfield code="a">Stereotyp</subfield>
<subfield code="a">Reflexivität</subfield>
<subfield code="a">Subkultur</subfield>
<subfield code="a">Fangemeinde</subfield>
<subfield code="a">Gewalt</subfield>
<subfield code="a">Werte</subfield>
<subfield code="a">Geschlecht</subfield>
<subfield code="a">Hyper-Männlichkeit</subfield>
<subfield code="a">Klasse</subfield>
<subfield code="a">Rasse</subfield>
<subfield code="a">Alter</subfield>
<subfield code="a">Propaganda</subfield>
<subfield code="a">Zensur</subfield>
<subfield code="a">moralische Panik</subfield>
<subfield code="a">Jugendmarkt</subfield>
<subfield code="a">Superman</subfield>
<subfield code="a">Batman</subfield>
<subfield code="a">The Spirit</subfield>
<subfield code="a">Wonder Woman</subfield>
<subfield code="a">Plastic Man</subfield>
<subfield code="a">Justice Society of America</subfield>
<subfield code="a">Captain America</subfield>
<subfield code="a">Satiremagazin Mad</subfield>
</datafield>
<datafield ind1=" " ind2="7" tag="655">
<subfield code="0">(DE-588)4113937-9</subfield>
<subfield code="0">https://d-nb.info/gnd/4113937-9</subfield>
<subfield code="0">(DE-101)041139372</subfield>
<subfield code="a">Hochschulschrift</subfield>
<subfield code="2">gnd-content</subfield>
</datafield>
<datafield ind1="0" ind2="0" tag="689">
<subfield code="8">2\p</subfield>
<subfield code="0">(DE-588)4010427-8</subfield>
<subfield code="0">https://d-nb.info/gnd/4010427-8</subfield>
<subfield code="0">(DE-101)040104273</subfield>
<subfield code="D">s</subfield>
<subfield code="a">Comic</subfield>
</datafield>
<datafield ind1="0" ind2="1" tag="689">
<subfield code="8">4\p</subfield>
<subfield code="0">(DE-588)4194196-2</subfield>
<subfield code="0">https://d-nb.info/gnd/4194196-2</subfield>
<subfield code="0">(DE-101)041941969</subfield>
<subfield code="D">s</subfield>
<subfield code="a">Textanalyse</subfield>
</datafield>
<datafield ind1="0" ind2=" " tag="689">
<subfield code="5">DE-101</subfield>
<subfield code="5">DE-101</subfield>
</datafield>
<datafield ind1="0" ind2="8" tag="776">
<subfield code="i">Erscheint auch als</subfield>
<subfield code="n">Druck-Ausgabe</subfield>
<subfield code="a">Philipzig, Jan, 1970-</subfield>
<subfield code="t">Ideology and power in pre-code comic books</subfield>
<subfield code="h">339 S.</subfield>
<subfield code="w">(DE-101)1041370881</subfield>
</datafield>
<datafield ind1=" " ind2=" " tag="850">
<subfield code="a">DE-101a</subfield>
<subfield code="a">DE-101b</subfield>
</datafield>
<datafield ind1="4" ind2="0" tag="856">
<subfield code="u">https://nbn-resolving.org/urn:nbn:de:gbv:8-diss-127430</subfield>
<subfield code="x">Resolving-System</subfield>
</datafield>
<datafield ind1=" " ind2="0" tag="856">
<subfield code="u">https://d-nb.info/1037725301/34</subfield>
<subfield code="x">Langzeitarchivierung Nationalbibliothek</subfield>
</datafield>
<datafield ind1="4" ind2=" " tag="856">
<subfield code="u">http://eldiss.uni-kiel.de/macau/receive/dissertation_diss_00012743</subfield>
<subfield code="x">Verlag</subfield>
<subfield code="z">kostenfrei</subfield>
</datafield>
<datafield ind1=" " ind2=" " tag="883">
<subfield code="8">1\p</subfield>
<subfield code="a">dnb-cgwrk</subfield>
<subfield code="d">20251221</subfield>
<subfield code="q">DE-101</subfield>
<subfield code="u">https://d-nb.info/provenance/plan#dnb-cgwrk</subfield>
</datafield>
<datafield ind1=" " ind2=" " tag="883">
<subfield code="8">2\p</subfield>
<subfield code="a">dnb-cgwrk</subfield>
<subfield code="d">20251221</subfield>
<subfield code="q">DE-101</subfield>
<subfield code="u">https://d-nb.info/provenance/plan#dnb-cgwrk</subfield>
</datafield>
<datafield ind1=" " ind2=" " tag="883">
<subfield code="8">3\p</subfield>
<subfield code="a">dnb-cgwrk</subfield>
<subfield code="d">20251221</subfield>
<subfield code="q">DE-101</subfield>
<subfield code="u">https://d-nb.info/provenance/plan#dnb-cgwrk</subfield>
</datafield>
<datafield ind1=" " ind2=" " tag="883">
<subfield code="8">4\p</subfield>
<subfield code="a">dnb-cgwrk</subfield>
<subfield code="d">20251221</subfield>
<subfield code="q">DE-101</subfield>
<subfield code="u">https://d-nb.info/provenance/plan#dnb-cgwrk</subfield>
</datafield>
<datafield ind1="2" ind2=" " tag="883">
<subfield code="8">6\p</subfield>
<subfield code="a">dnb-pa</subfield>
<subfield code="d">20130917</subfield>
<subfield code="q">DE-101</subfield>
<subfield code="u">https://d-nb.info/provenance/plan#dnb-pa</subfield>
</datafield>
<datafield ind1="r" ind2=" " tag="925">
<subfield code="a">ro</subfield>
<subfield code="a">rh</subfield>
</datafield>
<datafield ind1=" " ind2=" " tag="927">
<subfield code="a">28311554</subfield>
</datafield>
</record>