<record type="Bibliographic" xmlns="http://www.loc.gov/MARC21/slim">
<leader>00000nam a2200000uc 4500</leader>
<controlfield tag="001">1045878596</controlfield>
<controlfield tag="003">DE-101</controlfield>
<controlfield tag="005">20251221103603.0</controlfield>
<controlfield tag="007">cr||||||||||||</controlfield>
<controlfield tag="008">131226s2013    gw |||||om||| 00||||ger  </controlfield>
<datafield ind1=" " ind2=" " tag="015">
<subfield code="a">14,O01</subfield>
<subfield code="2">dnb</subfield>
</datafield>
<datafield ind1="7" ind2=" " tag="016">
<subfield code="2">DE-101</subfield>
<subfield code="a">1045878596</subfield>
</datafield>
<datafield ind1="7" ind2=" " tag="024">
<subfield code="2">urn</subfield>
<subfield code="a">urn:nbn:de:gbv:hil2-opus-2095</subfield>
</datafield>
<datafield ind1=" " ind2=" " tag="035">
<subfield code="a">(DE-599)DNB1045878596</subfield>
</datafield>
<datafield ind1=" " ind2=" " tag="035">
<subfield code="a">(OCoLC)867225655</subfield>
</datafield>
<datafield ind1=" " ind2=" " tag="040">
<subfield code="a">1240</subfield>
<subfield code="b">ger</subfield>
<subfield code="c">DE-101</subfield>
<subfield code="d">1150</subfield>
</datafield>
<datafield ind1=" " ind2=" " tag="041">
<subfield code="a">ger</subfield>
</datafield>
<datafield ind1=" " ind2=" " tag="044">
<subfield code="c">XA-DE-NI</subfield>
</datafield>
<datafield ind1="7" ind2="4" tag="082">
<subfield code="8">12\p</subfield>
<subfield code="a">791</subfield>
<subfield code="q">DE-101</subfield>
<subfield code="2">23sdnb</subfield>
</datafield>
<datafield ind1="1" ind2=" " tag="100">
<subfield code="8">1\p</subfield>
<subfield code="0">(DE-588)1254638822</subfield>
<subfield code="0">https://d-nb.info/gnd/1254638822</subfield>
<subfield code="0">(DE-101)1254638822</subfield>
<subfield code="a">Stumpf, Melanie</subfield>
<subfield code="d">1972-</subfield>
<subfield code="e">Verfasser</subfield>
<subfield code="4">aut</subfield>
<subfield code="2">gnd</subfield>
</datafield>
<datafield ind1="1" ind2="0" tag="245">
<subfield code="a">Im Spiegelkabinett von expressionistischem Stummfilm, Film noir, Manga, Anime und japanischem Computerspiel</subfield>
<subfield code="c">Melanie Stumpf. Betreuer: Jan Prof. Dr. Berg</subfield>
</datafield>
<datafield ind1="3" ind2=" " tag="246">
<subfield code="a">In The Cabinet of Mirrors: Expressionist Silent Movies, Film noir, Manga, Anime and Japanese Computergames</subfield>
</datafield>
<datafield ind1=" " ind2="1" tag="264">
<subfield code="a">Hildesheim</subfield>
<subfield code="b">Universitätsbibliothek Hildesheim</subfield>
<subfield code="c">2013</subfield>
</datafield>
<datafield ind1=" " ind2=" " tag="300">
<subfield code="a">Online-Ressource</subfield>
</datafield>
<datafield ind1=" " ind2=" " tag="336">
<subfield code="a">Text</subfield>
<subfield code="b">txt</subfield>
<subfield code="2">rdacontent</subfield>
</datafield>
<datafield ind1=" " ind2=" " tag="337">
<subfield code="a">Computermedien</subfield>
<subfield code="b">c</subfield>
<subfield code="2">rdamedia</subfield>
</datafield>
<datafield ind1=" " ind2=" " tag="338">
<subfield code="a">Online-Ressource</subfield>
<subfield code="b">cr</subfield>
<subfield code="2">rdacarrier</subfield>
</datafield>
<datafield ind1=" " ind2=" " tag="502">
<subfield code="a">Hildesheim, Universität Hildesheim, Diss., 2011</subfield>
</datafield>
<datafield ind1="1" ind2=" " tag="583">
<subfield code="a">Archivierung/Langzeitarchivierung gewährleistet</subfield>
<subfield code="5">DE-101</subfield>
<subfield code="2">pdager</subfield>
</datafield>
<datafield ind1=" " ind2="7" tag="650">
<subfield code="8">3\p</subfield>
<subfield code="0">(DE-588)4058257-7</subfield>
<subfield code="0">https://d-nb.info/gnd/4058257-7</subfield>
<subfield code="0">(DE-101)040582574</subfield>
<subfield code="a">Stummfilm</subfield>
<subfield code="2">gnd</subfield>
</datafield>
<datafield ind1=" " ind2="7" tag="650">
<subfield code="8">4\p</subfield>
<subfield code="0">(DE-588)4627787-0</subfield>
<subfield code="0">https://d-nb.info/gnd/4627787-0</subfield>
<subfield code="0">(DE-101)961015306</subfield>
<subfield code="a">Manga</subfield>
<subfield code="2">gnd</subfield>
</datafield>
<datafield ind1=" " ind2="7" tag="650">
<subfield code="8">5\p</subfield>
<subfield code="0">(DE-588)1041601824</subfield>
<subfield code="0">https://d-nb.info/gnd/1041601824</subfield>
<subfield code="0">(DE-101)1041601824</subfield>
<subfield code="a">Anime</subfield>
<subfield code="2">gnd</subfield>
</datafield>
<datafield ind1=" " ind2="7" tag="650">
<subfield code="8">6\p</subfield>
<subfield code="0">(DE-588)4116435-0</subfield>
<subfield code="0">https://d-nb.info/gnd/4116435-0</subfield>
<subfield code="0">(DE-101)041164350</subfield>
<subfield code="a">Film noir</subfield>
<subfield code="2">gnd</subfield>
</datafield>
<datafield ind1=" " ind2="7" tag="650">
<subfield code="8">7\p</subfield>
<subfield code="0">(DE-588)4124231-2</subfield>
<subfield code="0">https://d-nb.info/gnd/4124231-2</subfield>
<subfield code="0">(DE-101)041242319</subfield>
<subfield code="a">Spiegelkabinett</subfield>
<subfield code="2">gnd</subfield>
</datafield>
<datafield ind1=" " ind2="7" tag="650">
<subfield code="8">8\p</subfield>
<subfield code="0">(DE-588)4010457-6</subfield>
<subfield code="0">https://d-nb.info/gnd/4010457-6</subfield>
<subfield code="0">(DE-101)040104575</subfield>
<subfield code="a">Computerspiel</subfield>
<subfield code="2">gnd</subfield>
</datafield>
<datafield ind1=" " ind2="7" tag="650">
<subfield code="8">9\p</subfield>
<subfield code="0">(DE-588)4175361-6</subfield>
<subfield code="0">https://d-nb.info/gnd/4175361-6</subfield>
<subfield code="0">(DE-101)041753615</subfield>
<subfield code="a">Popkultur</subfield>
<subfield code="2">gnd</subfield>
</datafield>
<datafield ind1=" " ind2="7" tag="650">
<subfield code="8">10\p</subfield>
<subfield code="0">(DE-588)4016044-0</subfield>
<subfield code="0">https://d-nb.info/gnd/4016044-0</subfield>
<subfield code="0">(DE-101)040160440</subfield>
<subfield code="a">Expressionismus</subfield>
<subfield code="2">gnd</subfield>
</datafield>
<datafield ind1=" " ind2="7" tag="650">
<subfield code="8">11\p</subfield>
<subfield code="0">(DE-588)7500391-0</subfield>
<subfield code="0">https://d-nb.info/gnd/7500391-0</subfield>
<subfield code="0">(DE-101)977851206</subfield>
<subfield code="a">Kamishibai</subfield>
<subfield code="2">gnd</subfield>
</datafield>
<datafield ind1=" " ind2="7" tag="650">
<subfield code="a">Expressionistischer Stummfilm, Film noir, Manga, Anime, Computerspiel, Game</subfield>
<subfield code="2">gnd</subfield>
</datafield>
<datafield ind1=" " ind2=" " tag="653">
<subfield code="a">German Expressionist Cinema, Film noir, Japanese Manga, Anime, Computergames</subfield>
</datafield>
<datafield ind1=" " ind2="7" tag="655">
<subfield code="0">(DE-588)4113937-9</subfield>
<subfield code="0">https://d-nb.info/gnd/4113937-9</subfield>
<subfield code="0">(DE-101)041139372</subfield>
<subfield code="a">Hochschulschrift</subfield>
<subfield code="2">gnd-content</subfield>
</datafield>
<datafield ind1="1" ind2=" " tag="700">
<subfield code="8">2\p</subfield>
<subfield code="a">Berg, Jan Prof. Dr.</subfield>
<subfield code="e">Akademischer Betreuer</subfield>
<subfield code="4">dgs</subfield>
</datafield>
<datafield ind1=" " ind2=" " tag="850">
<subfield code="a">DE-101a</subfield>
<subfield code="a">DE-101b</subfield>
</datafield>
<datafield ind1="4" ind2="0" tag="856">
<subfield code="u">https://nbn-resolving.org/urn:nbn:de:gbv:hil2-opus-2095</subfield>
<subfield code="x">Resolving-System</subfield>
</datafield>
<datafield ind1=" " ind2="0" tag="856">
<subfield code="u">https://d-nb.info/1045878596/34</subfield>
<subfield code="x">Langzeitarchivierung Nationalbibliothek</subfield>
</datafield>
<datafield ind1="4" ind2=" " tag="856">
<subfield code="u">http://opus.bsz-bw.de/ubhi/volltexte/2013/209/</subfield>
<subfield code="x">Verlag</subfield>
<subfield code="z">kostenfrei</subfield>
</datafield>
<datafield ind1=" " ind2=" " tag="883">
<subfield code="8">1\p</subfield>
<subfield code="a">cgwrk</subfield>
<subfield code="d">20250522</subfield>
<subfield code="q">DE-101</subfield>
<subfield code="u">https://d-nb.info/provenance/plan#cgwrk</subfield>
</datafield>
<datafield ind1="1" ind2=" " tag="883">
<subfield code="8">2\p</subfield>
<subfield code="a">npi</subfield>
<subfield code="d">20200611</subfield>
<subfield code="q">DE-101</subfield>
<subfield code="u">https://d-nb.info/provenance/plan#npi</subfield>
</datafield>
<datafield ind1="0" ind2=" " tag="883">
<subfield code="8">3\p</subfield>
<subfield code="a">aepgnd</subfield>
<subfield code="c">0,597</subfield>
<subfield code="d">20160523</subfield>
<subfield code="q">DE-101</subfield>
<subfield code="u">https://d-nb.info/provenance/plan#aepgnd</subfield>
</datafield>
<datafield ind1="0" ind2=" " tag="883">
<subfield code="8">4\p</subfield>
<subfield code="a">aepgnd</subfield>
<subfield code="c">0,509</subfield>
<subfield code="d">20160523</subfield>
<subfield code="q">DE-101</subfield>
<subfield code="u">https://d-nb.info/provenance/plan#aepgnd</subfield>
</datafield>
<datafield ind1="0" ind2=" " tag="883">
<subfield code="8">5\p</subfield>
<subfield code="a">aepgnd</subfield>
<subfield code="c">0,400</subfield>
<subfield code="d">20160523</subfield>
<subfield code="q">DE-101</subfield>
<subfield code="u">https://d-nb.info/provenance/plan#aepgnd</subfield>
</datafield>
<datafield ind1="0" ind2=" " tag="883">
<subfield code="8">6\p</subfield>
<subfield code="a">aepgnd</subfield>
<subfield code="c">0,157</subfield>
<subfield code="d">20160523</subfield>
<subfield code="q">DE-101</subfield>
<subfield code="u">https://d-nb.info/provenance/plan#aepgnd</subfield>
</datafield>
<datafield ind1="0" ind2=" " tag="883">
<subfield code="8">7\p</subfield>
<subfield code="a">aepgnd</subfield>
<subfield code="c">0,072</subfield>
<subfield code="d">20160523</subfield>
<subfield code="q">DE-101</subfield>
<subfield code="u">https://d-nb.info/provenance/plan#aepgnd</subfield>
</datafield>
<datafield ind1="0" ind2=" " tag="883">
<subfield code="8">8\p</subfield>
<subfield code="a">aepgnd</subfield>
<subfield code="c">0,010</subfield>
<subfield code="d">20160523</subfield>
<subfield code="q">DE-101</subfield>
<subfield code="u">https://d-nb.info/provenance/plan#aepgnd</subfield>
</datafield>
<datafield ind1="0" ind2=" " tag="883">
<subfield code="8">9\p</subfield>
<subfield code="a">aepgnd</subfield>
<subfield code="c">0,005</subfield>
<subfield code="d">20160523</subfield>
<subfield code="q">DE-101</subfield>
<subfield code="u">https://d-nb.info/provenance/plan#aepgnd</subfield>
</datafield>
<datafield ind1="0" ind2=" " tag="883">
<subfield code="8">10\p</subfield>
<subfield code="a">aepgnd</subfield>
<subfield code="c">0,005</subfield>
<subfield code="d">20160523</subfield>
<subfield code="q">DE-101</subfield>
<subfield code="u">https://d-nb.info/provenance/plan#aepgnd</subfield>
</datafield>
<datafield ind1="0" ind2=" " tag="883">
<subfield code="8">11\p</subfield>
<subfield code="a">aepgnd</subfield>
<subfield code="c">0,004</subfield>
<subfield code="d">20160523</subfield>
<subfield code="q">DE-101</subfield>
<subfield code="u">https://d-nb.info/provenance/plan#aepgnd</subfield>
</datafield>
<datafield ind1="0" ind2=" " tag="883">
<subfield code="8">12\p</subfield>
<subfield code="a">aepsg</subfield>
<subfield code="c">0,996</subfield>
<subfield code="d">20131227</subfield>
<subfield code="q">DE-101</subfield>
<subfield code="u">https://d-nb.info/provenance/plan#aepsg</subfield>
</datafield>
<datafield ind1="r" ind2=" " tag="925">
<subfield code="a">ro</subfield>
<subfield code="a">rh</subfield>
</datafield>
<datafield ind1=" " ind2=" " tag="927">
<subfield code="a">27656192</subfield>
</datafield>
</record>