<record type="Bibliographic" xmlns="http://www.loc.gov/MARC21/slim">
<leader>00000nam a2200000uc 4500</leader>
<controlfield tag="001">123974711X</controlfield>
<controlfield tag="003">DE-101</controlfield>
<controlfield tag="005">20210923190327.0</controlfield>
<controlfield tag="007">cr||||||||||||</controlfield>
<controlfield tag="008">210825s2012    gw |||||o|||| 00||||ger  </controlfield>
<datafield ind1=" " ind2=" " tag="015">
<subfield code="a">21,O09</subfield>
<subfield code="2">dnb</subfield>
</datafield>
<datafield ind1="7" ind2=" " tag="016">
<subfield code="2">DE-101</subfield>
<subfield code="a">123974711X</subfield>
</datafield>
<datafield ind1="7" ind2=" " tag="024">
<subfield code="a">10.25969/mediarep/14568</subfield>
<subfield code="2">doi</subfield>
</datafield>
<datafield ind1="7" ind2=" " tag="024">
<subfield code="2">urn</subfield>
<subfield code="a">urn:nbn:de:101:1-2021082510034490612229</subfield>
</datafield>
<datafield ind1=" " ind2=" " tag="035">
<subfield code="a">(DE-599)DNB123974711X</subfield>
</datafield>
<datafield ind1=" " ind2=" " tag="035">
<subfield code="a">(OCoLC)1267483029</subfield>
</datafield>
<datafield ind1=" " ind2=" " tag="040">
<subfield code="a">1240</subfield>
<subfield code="b">ger</subfield>
<subfield code="c">DE-101</subfield>
<subfield code="d">9999</subfield>
</datafield>
<datafield ind1=" " ind2=" " tag="041">
<subfield code="8">1\p</subfield>
<subfield code="a">ger</subfield>
</datafield>
<datafield ind1=" " ind2=" " tag="044">
<subfield code="c">XA-DE-HE</subfield>
</datafield>
<datafield ind1="7" ind2="4" tag="082">
<subfield code="8">10\p</subfield>
<subfield code="a">741.5</subfield>
<subfield code="q">DE-101</subfield>
<subfield code="2">23sdnb</subfield>
</datafield>
<datafield ind1=" " ind2=" " tag="084">
<subfield code="a">791</subfield>
<subfield code="2">ddc</subfield>
</datafield>
<datafield ind1="1" ind2=" " tag="100">
<subfield code="8">2\p</subfield>
<subfield code="a">Brunner, Miriam</subfield>
<subfield code="e">Verfasser</subfield>
<subfield code="4">aut</subfield>
</datafield>
<datafield ind1="1" ind2="0" tag="245">
<subfield code="a">Once upon a Time. Temporale Strukturen im sequentiellen Medium Manga</subfield>
<subfield code="c">Miriam Brunner ; Herausgeber: Simon Frisch, Tim Raupach</subfield>
</datafield>
<datafield ind1=" " ind2="1" tag="264">
<subfield code="a">Marburg</subfield>
<subfield code="b">Philipps-Universität Marburg</subfield>
<subfield code="c">2012</subfield>
</datafield>
<datafield ind1=" " ind2="1" tag="264">
<subfield code="a">Marburg</subfield>
<subfield code="b">Schüren</subfield>
<subfield code="c">2012</subfield>
</datafield>
<datafield ind1=" " ind2=" " tag="300">
<subfield code="a">Online-Ressource</subfield>
</datafield>
<datafield ind1=" " ind2=" " tag="336">
<subfield code="a">Text</subfield>
<subfield code="b">txt</subfield>
<subfield code="2">rdacontent</subfield>
</datafield>
<datafield ind1=" " ind2=" " tag="337">
<subfield code="a">Computermedien</subfield>
<subfield code="b">c</subfield>
<subfield code="2">rdamedia</subfield>
</datafield>
<datafield ind1=" " ind2=" " tag="338">
<subfield code="a">Online-Ressource</subfield>
<subfield code="b">cr</subfield>
<subfield code="2">rdacarrier</subfield>
</datafield>
<datafield ind1=" " ind2=" " tag="500">
<subfield code="a">In: Simon Frisch, Tim Raupach (Hg.): Revisionen – Relektüren – Perspektiven. Marburg: Schüren 2012 (Film- und Fernsehwissenschaftliches Kolloquium 23), S. 68–84.</subfield>
</datafield>
<datafield ind1=" " ind2=" " tag="500">
<subfield code="a">In: https://doi.org/10.25969/mediarep/14365</subfield>
</datafield>
<datafield ind1="1" ind2=" " tag="583">
<subfield code="a">Archivierung/Langzeitarchivierung gewährleistet</subfield>
<subfield code="5">DE-101</subfield>
<subfield code="2">pdager</subfield>
</datafield>
<datafield ind1="1" ind2="7" tag="600">
<subfield code="8">7\p</subfield>
<subfield code="0">(DE-588)1027400639</subfield>
<subfield code="0">https://d-nb.info/gnd/1027400639</subfield>
<subfield code="0">(DE-101)1027400639</subfield>
<subfield code="a">Ikeda, Riyoko</subfield>
<subfield code="d">1947-</subfield>
<subfield code="2">gnd</subfield>
</datafield>
<datafield ind1="1" ind2="7" tag="600">
<subfield code="8">8\p</subfield>
<subfield code="0">(DE-588)120332590</subfield>
<subfield code="0">https://d-nb.info/gnd/120332590</subfield>
<subfield code="0">(DE-101)120332590</subfield>
<subfield code="a">Toriyama, Akira</subfield>
<subfield code="d">1955-2024</subfield>
<subfield code="2">gnd</subfield>
</datafield>
<datafield ind1=" " ind2="7" tag="650">
<subfield code="8">5\p</subfield>
<subfield code="0">(DE-588)4627787-0</subfield>
<subfield code="0">https://d-nb.info/gnd/4627787-0</subfield>
<subfield code="0">(DE-101)961015306</subfield>
<subfield code="a">Manga</subfield>
<subfield code="2">gnd</subfield>
</datafield>
<datafield ind1=" " ind2="7" tag="650">
<subfield code="8">6\p</subfield>
<subfield code="0">(DE-588)4010427-8</subfield>
<subfield code="0">https://d-nb.info/gnd/4010427-8</subfield>
<subfield code="0">(DE-101)040104273</subfield>
<subfield code="a">Comic</subfield>
<subfield code="2">gnd</subfield>
</datafield>
<datafield ind1=" " ind2="7" tag="651">
<subfield code="8">9\p</subfield>
<subfield code="0">(DE-588)4023118-5</subfield>
<subfield code="0">https://d-nb.info/gnd/4023118-5</subfield>
<subfield code="0">(DE-101)040231186</subfield>
<subfield code="a">Hamburg</subfield>
<subfield code="2">gnd</subfield>
</datafield>
<datafield ind1=" " ind2=" " tag="653">
<subfield code="a">Bildtheorie</subfield>
</datafield>
<datafield ind1=" " ind2=" " tag="653">
<subfield code="a">Zeitlichkeit</subfield>
</datafield>
<datafield ind1=" " ind2=" " tag="653">
<subfield code="a">Medientheorie</subfield>
</datafield>
<datafield ind1=" " ind2=" " tag="653">
<subfield code="a">Manga</subfield>
</datafield>
<datafield ind1=" " ind2=" " tag="653">
<subfield code="a">Comic</subfield>
</datafield>
<datafield ind1="1" ind2=" " tag="700">
<subfield code="8">3\p</subfield>
<subfield code="a">Frisch, Simon</subfield>
<subfield code="e">Herausgeber</subfield>
<subfield code="4">edt</subfield>
</datafield>
<datafield ind1="1" ind2=" " tag="700">
<subfield code="8">4\p</subfield>
<subfield code="a">Raupach, Tim</subfield>
<subfield code="e">Herausgeber</subfield>
<subfield code="4">edt</subfield>
</datafield>
<datafield ind1=" " ind2=" " tag="850">
<subfield code="a">DE-101a</subfield>
<subfield code="a">DE-101b</subfield>
</datafield>
<datafield ind1="4" ind2="0" tag="856">
<subfield code="u">https://doi.org/10.25969/mediarep/14568</subfield>
<subfield code="x">Resolving-System</subfield>
</datafield>
<datafield ind1="4" ind2="0" tag="856">
<subfield code="u">https://nbn-resolving.org/urn:nbn:de:101:1-2021082510034490612229</subfield>
<subfield code="x">Resolving-System</subfield>
</datafield>
<datafield ind1=" " ind2="0" tag="856">
<subfield code="u">https://d-nb.info/123974711X/34</subfield>
<subfield code="x">Langzeitarchivierung Nationalbibliothek</subfield>
</datafield>
<datafield ind1="4" ind2=" " tag="856">
<subfield code="q">application/pdf</subfield>
<subfield code="u">https://mediarep.org/handle/doc/15541</subfield>
<subfield code="x">Verlag</subfield>
<subfield code="z">kostenfrei</subfield>
</datafield>
<datafield ind1="1" ind2=" " tag="883">
<subfield code="8">1\p</subfield>
<subfield code="a">npi</subfield>
<subfield code="d">20210825</subfield>
<subfield code="q">DE-101</subfield>
<subfield code="u">https://d-nb.info/provenance/plan#npi</subfield>
</datafield>
<datafield ind1="1" ind2=" " tag="883">
<subfield code="8">2\p</subfield>
<subfield code="a">npi</subfield>
<subfield code="d">20210825</subfield>
<subfield code="q">DE-101</subfield>
<subfield code="u">https://d-nb.info/provenance/plan#npi</subfield>
</datafield>
<datafield ind1="1" ind2=" " tag="883">
<subfield code="8">3\p</subfield>
<subfield code="a">npi</subfield>
<subfield code="d">20210825</subfield>
<subfield code="q">DE-101</subfield>
<subfield code="u">https://d-nb.info/provenance/plan#npi</subfield>
</datafield>
<datafield ind1="1" ind2=" " tag="883">
<subfield code="8">4\p</subfield>
<subfield code="a">npi</subfield>
<subfield code="d">20210825</subfield>
<subfield code="q">DE-101</subfield>
<subfield code="u">https://d-nb.info/provenance/plan#npi</subfield>
</datafield>
<datafield ind1="0" ind2=" " tag="883">
<subfield code="8">5\p</subfield>
<subfield code="a">aepgnd</subfield>
<subfield code="c">0,42431</subfield>
<subfield code="d">20210826</subfield>
<subfield code="q">DE-101</subfield>
<subfield code="u">https://d-nb.info/provenance/plan#aepgnd</subfield>
</datafield>
<datafield ind1="0" ind2=" " tag="883">
<subfield code="8">6\p</subfield>
<subfield code="a">aepgnd</subfield>
<subfield code="c">0,07948</subfield>
<subfield code="d">20210826</subfield>
<subfield code="q">DE-101</subfield>
<subfield code="u">https://d-nb.info/provenance/plan#aepgnd</subfield>
</datafield>
<datafield ind1="0" ind2=" " tag="883">
<subfield code="8">7\p</subfield>
<subfield code="a">aepgnd</subfield>
<subfield code="c">0,04950</subfield>
<subfield code="d">20210826</subfield>
<subfield code="q">DE-101</subfield>
<subfield code="u">https://d-nb.info/provenance/plan#aepgnd</subfield>
</datafield>
<datafield ind1="0" ind2=" " tag="883">
<subfield code="8">8\p</subfield>
<subfield code="a">aepgnd</subfield>
<subfield code="c">0,02809</subfield>
<subfield code="d">20210826</subfield>
<subfield code="q">DE-101</subfield>
<subfield code="u">https://d-nb.info/provenance/plan#aepgnd</subfield>
</datafield>
<datafield ind1="0" ind2=" " tag="883">
<subfield code="8">9\p</subfield>
<subfield code="a">aepgnd</subfield>
<subfield code="c">0,02793</subfield>
<subfield code="d">20210826</subfield>
<subfield code="q">DE-101</subfield>
<subfield code="u">https://d-nb.info/provenance/plan#aepgnd</subfield>
</datafield>
<datafield ind1="0" ind2=" " tag="883">
<subfield code="8">10\p</subfield>
<subfield code="a">aepsg</subfield>
<subfield code="c">0,99023</subfield>
<subfield code="d">20210826</subfield>
<subfield code="q">DE-101</subfield>
<subfield code="u">https://d-nb.info/provenance/plan#aepsg</subfield>
</datafield>
<datafield ind1="r" ind2=" " tag="925">
<subfield code="a">ro</subfield>
<subfield code="a">rb</subfield>
</datafield>
<datafield ind1=" " ind2=" " tag="927">
<subfield code="a">755499031</subfield>
</datafield>
</record>