<record type="Bibliographic" xmlns="http://www.loc.gov/MARC21/slim">
<leader>00000nam a2200000 c 4500</leader>
<controlfield tag="001">972652531</controlfield>
<controlfield tag="003">DE-101</controlfield>
<controlfield tag="005">20251212100823.0</controlfield>
<controlfield tag="007">cr||||||||||||</controlfield>
<controlfield tag="008">041105s2004    gw |||||om||| 00||||ger  </controlfield>
<datafield ind1=" " ind2=" " tag="015">
<subfield code="a">05,H02,3513</subfield>
<subfield code="2">dnb</subfield>
</datafield>
<datafield ind1="7" ind2=" " tag="016">
<subfield code="2">DE-101</subfield>
<subfield code="a">972652531</subfield>
</datafield>
<datafield ind1="7" ind2=" " tag="024">
<subfield code="2">urn</subfield>
<subfield code="a">urn:nbn:de:hbz:294-11590</subfield>
</datafield>
<datafield ind1=" " ind2=" " tag="035">
<subfield code="a">(DE-599)DNB972652531</subfield>
</datafield>
<datafield ind1=" " ind2=" " tag="035">
<subfield code="a">(OCoLC)723422937</subfield>
</datafield>
<datafield ind1=" " ind2=" " tag="040">
<subfield code="a">1140</subfield>
<subfield code="b">ger</subfield>
<subfield code="c">DE-101</subfield>
<subfield code="d">1150</subfield>
</datafield>
<datafield ind1=" " ind2=" " tag="041">
<subfield code="a">ger</subfield>
</datafield>
<datafield ind1=" " ind2=" " tag="044">
<subfield code="c">XA-DE</subfield>
</datafield>
<datafield ind1="7" ind2="4" tag="082">
<subfield code="8">1\p</subfield>
<subfield code="a">741.5</subfield>
<subfield code="a">840</subfield>
<subfield code="q">DE-101</subfield>
<subfield code="2">22sdnb</subfield>
</datafield>
<datafield ind1="1" ind2=" " tag="100">
<subfield code="0">(DE-588)129522120</subfield>
<subfield code="0">https://d-nb.info/gnd/129522120</subfield>
<subfield code="0">(DE-101)129522120</subfield>
<subfield code="a">Quinquis, Stella</subfield>
<subfield code="d">1968-</subfield>
<subfield code="e">Verfasser</subfield>
<subfield code="4">aut</subfield>
<subfield code="2">gnd</subfield>
</datafield>
<datafield ind1="1" ind2="0" tag="245">
<subfield code="a">Die literarisch konstruierte Mündlichkeit in Les Frustrés von Claire Bretécher</subfield>
<subfield code="c">vorgelegt von Stella Quinquis</subfield>
</datafield>
<datafield ind1=" " ind2=" " tag="300">
<subfield code="a">Online-Ressource</subfield>
</datafield>
<datafield ind1=" " ind2=" " tag="336">
<subfield code="a">Text</subfield>
<subfield code="b">txt</subfield>
<subfield code="2">rdacontent</subfield>
</datafield>
<datafield ind1=" " ind2=" " tag="337">
<subfield code="a">Computermedien</subfield>
<subfield code="b">c</subfield>
<subfield code="2">rdamedia</subfield>
</datafield>
<datafield ind1=" " ind2=" " tag="338">
<subfield code="a">Online-Ressource</subfield>
<subfield code="b">cr</subfield>
<subfield code="2">rdacarrier</subfield>
</datafield>
<datafield ind1=" " ind2=" " tag="502">
<subfield code="a">Bochum, Univ., Diss., 2004</subfield>
</datafield>
<datafield ind1="1" ind2=" " tag="583">
<subfield code="a">Archivierung/Langzeitarchivierung gewährleistet</subfield>
<subfield code="5">DE-101</subfield>
<subfield code="2">pdager</subfield>
</datafield>
<datafield ind1="1" ind2="7" tag="600">
<subfield code="0">(DE-588)4806222-4</subfield>
<subfield code="0">https://d-nb.info/gnd/4806222-4</subfield>
<subfield code="0">(DE-101)97305316X</subfield>
<subfield code="a">Bretécher, Claire</subfield>
<subfield code="d">1941-2020</subfield>
<subfield code="t">Les frustrés</subfield>
<subfield code="9">rswk-swf</subfield>
<subfield code="2">gnd</subfield>
</datafield>
<datafield ind1=" " ind2="7" tag="650">
<subfield code="0">(DE-588)4020717-1</subfield>
<subfield code="0">https://d-nb.info/gnd/4020717-1</subfield>
<subfield code="0">(DE-101)04020717X</subfield>
<subfield code="a">Gesprochene Sprache</subfield>
<subfield code="9">rswk-swf</subfield>
<subfield code="2">gnd</subfield>
</datafield>
<datafield ind1=" " ind2="7" tag="650">
<subfield code="a">Gesprochene Sprache</subfield>
<subfield code="2">gnd</subfield>
</datafield>
<datafield ind1=" " ind2="7" tag="650">
<subfield code="a">Comic / Französisch</subfield>
<subfield code="2">gnd</subfield>
</datafield>
<datafield ind1=" " ind2="7" tag="650">
<subfield code="a">Mündliche Literatur</subfield>
<subfield code="2">gnd</subfield>
</datafield>
<datafield ind1=" " ind2="7" tag="650">
<subfield code="a">Linguistik</subfield>
<subfield code="2">gnd</subfield>
</datafield>
<datafield ind1=" " ind2="7" tag="655">
<subfield code="0">(DE-588)4113937-9</subfield>
<subfield code="0">https://d-nb.info/gnd/4113937-9</subfield>
<subfield code="0">(DE-101)041139372</subfield>
<subfield code="a">Hochschulschrift</subfield>
<subfield code="2">gnd-content</subfield>
</datafield>
<datafield ind1=" " ind2="7" tag="655">
<subfield code="a">Online-Publikation</subfield>
<subfield code="9">rswk-swf</subfield>
<subfield code="2">gnd</subfield>
</datafield>
<datafield ind1="0" ind2="0" tag="689">
<subfield code="0">(DE-588)4806222-4</subfield>
<subfield code="0">https://d-nb.info/gnd/4806222-4</subfield>
<subfield code="0">(DE-101)97305316X</subfield>
<subfield code="D">p</subfield>
<subfield code="a">Bretécher, Claire</subfield>
<subfield code="d">1941-2020</subfield>
<subfield code="t">Les frustrés</subfield>
</datafield>
<datafield ind1="0" ind2="1" tag="689">
<subfield code="0">(DE-588)4020717-1</subfield>
<subfield code="0">https://d-nb.info/gnd/4020717-1</subfield>
<subfield code="0">(DE-101)04020717X</subfield>
<subfield code="D">s</subfield>
<subfield code="a">Gesprochene Sprache</subfield>
</datafield>
<datafield ind1="0" ind2="2" tag="689">
<subfield code="A">f</subfield>
<subfield code="a">Online-Publikation</subfield>
</datafield>
<datafield ind1="0" ind2=" " tag="689">
<subfield code="5">DE-101</subfield>
<subfield code="5">DE-101</subfield>
</datafield>
<datafield ind1=" " ind2=" " tag="850">
<subfield code="a">DE-101a</subfield>
<subfield code="a">DE-101b</subfield>
</datafield>
<datafield ind1="4" ind2="0" tag="856">
<subfield code="u">https://nbn-resolving.org/urn:nbn:de:hbz:294-11590</subfield>
<subfield code="x">Resolving-System</subfield>
</datafield>
<datafield ind1=" " ind2="0" tag="856">
<subfield code="u">https://d-nb.info/972652531/34</subfield>
<subfield code="x">Langzeitarchivierung Nationalbibliothek</subfield>
</datafield>
<datafield ind1="4" ind2=" " tag="856">
<subfield code="s">ca. 1,1 MB</subfield>
<subfield code="u">http://www-brs.ub.ruhr-uni-bochum.de/netahtml/HSS/Diss/QuinquisStella/diss.pdf</subfield>
<subfield code="x">Verlag</subfield>
<subfield code="z">kostenfrei</subfield>
</datafield>
<datafield ind1="4" ind2=" " tag="856">
<subfield code="u">http://www-brs.ub.ruhr-uni-bochum.de/netahtml/HSS/Diss/QuinquisStella/</subfield>
<subfield code="x">Verlag</subfield>
</datafield>
<datafield ind1="2" ind2=" " tag="883">
<subfield code="8">1\p</subfield>
<subfield code="a">dnb</subfield>
<subfield code="d">20111015</subfield>
<subfield code="q">DE-101</subfield>
<subfield code="u">https://d-nb.info/provenance/plan#dnb</subfield>
</datafield>
<datafield ind1="r" ind2=" " tag="925">
<subfield code="a">rh</subfield>
</datafield>
<datafield ind1=" " ind2=" " tag="927">
<subfield code="a">39387153</subfield>
</datafield>
</record>