<record type="Bibliographic" xmlns="http://www.loc.gov/MARC21/slim">
<leader>00000naa a2200000uc 4500</leader>
<controlfield tag="001">1318678250</controlfield>
<controlfield tag="003">DE-101</controlfield>
<controlfield tag="005">20240209023526.0</controlfield>
<controlfield tag="007">cr||||||||||||</controlfield>
<controlfield tag="008">240208s2023    gw |||||o|||| 00||||eng  </controlfield>
<datafield ind1="7" ind2=" " tag="016">
<subfield code="2">DE-101</subfield>
<subfield code="a">1318678250</subfield>
</datafield>
<datafield ind1="7" ind2=" " tag="024">
<subfield code="a">10.1038/s41598-023-47120-w</subfield>
<subfield code="2">doi</subfield>
</datafield>
<datafield ind1="7" ind2=" " tag="024">
<subfield code="2">urn</subfield>
<subfield code="a">urn:nbn:de:101:1-2024020809184171448621</subfield>
</datafield>
<datafield ind1=" " ind2=" " tag="035">
<subfield code="a">(DE-599)DNB1318678250</subfield>
</datafield>
<datafield ind1=" " ind2=" " tag="040">
<subfield code="a">1140</subfield>
<subfield code="b">ger</subfield>
<subfield code="c">DE-101</subfield>
<subfield code="d">0292</subfield>
</datafield>
<datafield ind1=" " ind2=" " tag="041">
<subfield code="8">1\p</subfield>
<subfield code="a">eng</subfield>
</datafield>
<datafield ind1=" " ind2=" " tag="044">
<subfield code="c">XA-DE</subfield>
</datafield>
<datafield ind1="7" ind2="4" tag="082">
<subfield code="8">6\p</subfield>
<subfield code="a">741.5</subfield>
<subfield code="q">DE-101</subfield>
<subfield code="2">23sdnb</subfield>
</datafield>
<datafield ind1=" " ind2=" " tag="084">
<subfield code="a">T1-995</subfield>
<subfield code="2">lcc</subfield>
</datafield>
<datafield ind1="1" ind2=" " tag="100">
<subfield code="8">2\p</subfield>
<subfield code="a">Ikuta, Hikaru</subfield>
<subfield code="e">Verfasser</subfield>
<subfield code="4">aut</subfield>
</datafield>
<datafield ind1="1" ind2="0" tag="245">
<subfield code="a">Statistical characteristics of comic panel viewing times</subfield>
<subfield code="c">by Hikaru Ikuta, Leslie Wöhler, Kiyoharu Aizawa</subfield>
</datafield>
<datafield ind1=" " ind2=" " tag="300">
<subfield code="a">1 Online-Ressource.</subfield>
</datafield>
<datafield ind1=" " ind2=" " tag="336">
<subfield code="a">Text</subfield>
<subfield code="b">txt</subfield>
<subfield code="2">rdacontent</subfield>
</datafield>
<datafield ind1=" " ind2=" " tag="337">
<subfield code="a">Computermedien</subfield>
<subfield code="b">c</subfield>
<subfield code="2">rdamedia</subfield>
</datafield>
<datafield ind1=" " ind2=" " tag="338">
<subfield code="a">Online-Ressource</subfield>
<subfield code="b">cr</subfield>
<subfield code="2">rdacarrier</subfield>
</datafield>
<datafield ind1="0" ind2=" " tag="506">
<subfield code="a">Open Access</subfield>
<subfield code="f">Unrestricted online access</subfield>
<subfield code="u">http://purl.org/coar/access_right/c_abf2</subfield>
<subfield code="2">star</subfield>
</datafield>
<datafield ind1="1" ind2=" " tag="583">
<subfield code="a">Archivierung/Langzeitarchivierung gewährleistet</subfield>
<subfield code="5">DE-101</subfield>
<subfield code="2">pdager</subfield>
</datafield>
<datafield ind1=" " ind2="0" tag="653">
<subfield code="a">(lcsh)Engineering.</subfield>
</datafield>
<datafield ind1=" " ind2="0" tag="653">
<subfield code="a">(lcsh)Science.</subfield>
</datafield>
<datafield ind1=" " ind2="0" tag="653">
<subfield code="a">(lcsh)Life sciences.</subfield>
</datafield>
<datafield ind1=" " ind2="0" tag="653">
<subfield code="a">(lcsh)Psychology.</subfield>
</datafield>
<datafield ind1=" " ind2="0" tag="653">
<subfield code="a">(lcsh)Computer science.</subfield>
</datafield>
<datafield ind1=" " ind2="0" tag="653">
<subfield code="a">Technology and Engineering.</subfield>
</datafield>
<datafield ind1=" " ind2="0" tag="653">
<subfield code="a">Physical Sciences.</subfield>
</datafield>
<datafield ind1=" " ind2="0" tag="653">
<subfield code="a">Life Sciences.</subfield>
</datafield>
<datafield ind1=" " ind2="0" tag="653">
<subfield code="a">Behavioral Sciences and Psychology.</subfield>
</datafield>
<datafield ind1=" " ind2="0" tag="653">
<subfield code="a">Computer Science.</subfield>
</datafield>
<datafield ind1="1" ind2=" " tag="700">
<subfield code="8">3\p</subfield>
<subfield code="a">Wöhler, Leslie</subfield>
<subfield code="e">Verfasser</subfield>
<subfield code="4">aut</subfield>
</datafield>
<datafield ind1="1" ind2=" " tag="700">
<subfield code="8">4\p</subfield>
<subfield code="a">Aizawa, Kiyoharu</subfield>
<subfield code="e">Verfasser</subfield>
<subfield code="4">aut</subfield>
</datafield>
<datafield ind1="2" ind2=" " tag="710">
<subfield code="8">5\p</subfield>
<subfield code="a">SpringerLink (Online service)</subfield>
<subfield code="e">Sonstige</subfield>
<subfield code="4">oth</subfield>
</datafield>
<datafield ind1="1" ind2="8" tag="773">
<subfield code="7">|||s</subfield>
<subfield code="g">volume:13</subfield>
<subfield code="g">number:1</subfield>
<subfield code="g">day:20</subfield>
<subfield code="g">month:11</subfield>
<subfield code="g">year:2023</subfield>
<subfield code="g">pages:1-10</subfield>
<subfield code="g">date:12.2023</subfield>
</datafield>
<datafield ind1="0" ind2="8" tag="773">
<subfield code="i">Enthalten in</subfield>
<subfield code="t">Scientific reports</subfield>
<subfield code="d">[London] : Springer Nature, 2011-</subfield>
<subfield code="h">Online-Ressource</subfield>
<subfield code="g">13, Heft 1 (20.11.2023), 1-10, 12.2023</subfield>
<subfield code="w">(DE-600)2615211-3</subfield>
<subfield code="w">(DE-101)1013036360</subfield>
<subfield code="x">2045-2322</subfield>
</datafield>
<datafield ind1=" " ind2=" " tag="850">
<subfield code="a">DE-101a</subfield>
</datafield>
<datafield ind1="4" ind2="0" tag="856">
<subfield code="u">https://doi.org/10.1038/s41598-023-47120-w</subfield>
<subfield code="x">Resolving-System</subfield>
</datafield>
<datafield ind1="4" ind2="0" tag="856">
<subfield code="u">https://nbn-resolving.org/urn:nbn:de:101:1-2024020809184171448621</subfield>
<subfield code="x">Resolving-System</subfield>
</datafield>
<datafield ind1=" " ind2="0" tag="856">
<subfield code="u">https://d-nb.info/1318678250/34</subfield>
<subfield code="x">Langzeitarchivierung Nationalbibliothek</subfield>
</datafield>
<datafield ind1="4" ind2=" " tag="856">
<subfield code="u">https://doi.org/10.1038/s41598-023-47120-w</subfield>
</datafield>
<datafield ind1="1" ind2=" " tag="883">
<subfield code="8">1\p</subfield>
<subfield code="a">npi</subfield>
<subfield code="d">20240208</subfield>
<subfield code="q">DE-101</subfield>
<subfield code="u">https://d-nb.info/provenance/plan#npi</subfield>
</datafield>
<datafield ind1="1" ind2=" " tag="883">
<subfield code="8">2\p</subfield>
<subfield code="a">npi</subfield>
<subfield code="d">20240208</subfield>
<subfield code="q">DE-101</subfield>
<subfield code="u">https://d-nb.info/provenance/plan#npi</subfield>
</datafield>
<datafield ind1="1" ind2=" " tag="883">
<subfield code="8">3\p</subfield>
<subfield code="a">npi</subfield>
<subfield code="d">20240208</subfield>
<subfield code="q">DE-101</subfield>
<subfield code="u">https://d-nb.info/provenance/plan#npi</subfield>
</datafield>
<datafield ind1="1" ind2=" " tag="883">
<subfield code="8">4\p</subfield>
<subfield code="a">npi</subfield>
<subfield code="d">20240208</subfield>
<subfield code="q">DE-101</subfield>
<subfield code="u">https://d-nb.info/provenance/plan#npi</subfield>
</datafield>
<datafield ind1="1" ind2=" " tag="883">
<subfield code="8">5\p</subfield>
<subfield code="a">npi</subfield>
<subfield code="d">20240208</subfield>
<subfield code="q">DE-101</subfield>
<subfield code="u">https://d-nb.info/provenance/plan#npi</subfield>
</datafield>
<datafield ind1="0" ind2=" " tag="883">
<subfield code="8">6\p</subfield>
<subfield code="a">emasg</subfield>
<subfield code="c">0,53716</subfield>
<subfield code="d">20240209</subfield>
<subfield code="q">DE-101</subfield>
<subfield code="u">https://d-nb.info/provenance/plan#emasg</subfield>
</datafield>
<datafield ind1=" " ind2=" " tag="927">
<subfield code="a">75497475</subfield>
</datafield>
</record>