<record type="Bibliographic" xmlns="http://www.loc.gov/MARC21/slim">
<leader>00000naa a2200000uc 4500</leader>
<controlfield tag="001">137934431X</controlfield>
<controlfield tag="003">DE-101</controlfield>
<controlfield tag="005">20251021013007.0</controlfield>
<controlfield tag="007">cr||||||||||||</controlfield>
<controlfield tag="008">251020s2025    gw |||||o|||| 00||||eng  </controlfield>
<datafield ind1="7" ind2=" " tag="016">
<subfield code="2">DE-101</subfield>
<subfield code="a">137934431X</subfield>
</datafield>
<datafield ind1="7" ind2=" " tag="024">
<subfield code="a">10.1186/s12052-025-00223-6</subfield>
<subfield code="2">doi</subfield>
</datafield>
<datafield ind1="7" ind2=" " tag="024">
<subfield code="2">urn</subfield>
<subfield code="a">urn:nbn:de:101:1-2510201005321.504497100376</subfield>
</datafield>
<datafield ind1=" " ind2=" " tag="035">
<subfield code="a">(DE-599)DNB137934431X</subfield>
</datafield>
<datafield ind1=" " ind2=" " tag="040">
<subfield code="a">1140</subfield>
<subfield code="b">ger</subfield>
<subfield code="c">DE-101</subfield>
<subfield code="d">6666</subfield>
</datafield>
<datafield ind1=" " ind2=" " tag="041">
<subfield code="8">1\p</subfield>
<subfield code="a">eng</subfield>
</datafield>
<datafield ind1=" " ind2=" " tag="044">
<subfield code="c">XA-DE</subfield>
</datafield>
<datafield ind1="7" ind2="4" tag="082">
<subfield code="8">6\p</subfield>
<subfield code="a">741.5</subfield>
<subfield code="q">DE-101</subfield>
<subfield code="2">23sdnb</subfield>
</datafield>
<datafield ind1=" " ind2=" " tag="084">
<subfield code="a">QH359-425</subfield>
<subfield code="2">lcc</subfield>
</datafield>
<datafield ind1="1" ind2=" " tag="100">
<subfield code="8">2\p</subfield>
<subfield code="a">Aringer, Johanna</subfield>
<subfield code="e">Verfasser</subfield>
<subfield code="4">aut</subfield>
</datafield>
<datafield ind1="1" ind2="0" tag="245">
<subfield code="a">Students learning about evolution through a comic book</subfield>
<subfield code="c">by Johanna Aringer, Lars Wallner, Ammie Berglund</subfield>
</datafield>
<datafield ind1=" " ind2=" " tag="300">
<subfield code="a">1 Online-Ressource.</subfield>
</datafield>
<datafield ind1=" " ind2=" " tag="336">
<subfield code="a">Text</subfield>
<subfield code="b">txt</subfield>
<subfield code="2">rdacontent</subfield>
</datafield>
<datafield ind1=" " ind2=" " tag="337">
<subfield code="a">Computermedien</subfield>
<subfield code="b">c</subfield>
<subfield code="2">rdamedia</subfield>
</datafield>
<datafield ind1=" " ind2=" " tag="338">
<subfield code="a">Online-Ressource</subfield>
<subfield code="b">cr</subfield>
<subfield code="2">rdacarrier</subfield>
</datafield>
<datafield ind1="0" ind2=" " tag="506">
<subfield code="a">Open Access</subfield>
<subfield code="f">Unrestricted online access</subfield>
<subfield code="u">http://purl.org/coar/access_right/c_abf2</subfield>
<subfield code="2">star</subfield>
</datafield>
<datafield ind1="1" ind2=" " tag="583">
<subfield code="a">Archivierung/Langzeitarchivierung gewährleistet</subfield>
<subfield code="5">DE-101</subfield>
<subfield code="2">pdager</subfield>
</datafield>
<datafield ind1=" " ind2="0" tag="653">
<subfield code="a">(lcsh)Evolution (Biology).</subfield>
</datafield>
<datafield ind1=" " ind2="0" tag="653">
<subfield code="a">(lcsh)Education.</subfield>
</datafield>
<datafield ind1=" " ind2="0" tag="653">
<subfield code="a">(lcsh)Learning, Psychology of.</subfield>
</datafield>
<datafield ind1=" " ind2="0" tag="653">
<subfield code="a">(lcsh)Teachers—Training of.</subfield>
</datafield>
<datafield ind1=" " ind2="0" tag="653">
<subfield code="a">(lcsh)Educational sociology.</subfield>
</datafield>
<datafield ind1=" " ind2="0" tag="653">
<subfield code="a">Evolutionary Biology.</subfield>
</datafield>
<datafield ind1=" " ind2="0" tag="653">
<subfield code="a">Education.</subfield>
</datafield>
<datafield ind1=" " ind2="0" tag="653">
<subfield code="a">Instructional Psychology.</subfield>
</datafield>
<datafield ind1=" " ind2="0" tag="653">
<subfield code="a">Teaching and Teacher Education.</subfield>
</datafield>
<datafield ind1=" " ind2="0" tag="653">
<subfield code="a">Sociology of Education.</subfield>
</datafield>
<datafield ind1="1" ind2=" " tag="700">
<subfield code="8">3\p</subfield>
<subfield code="a">Wallner, Lars</subfield>
<subfield code="e">Verfasser</subfield>
<subfield code="4">aut</subfield>
</datafield>
<datafield ind1="1" ind2=" " tag="700">
<subfield code="8">4\p</subfield>
<subfield code="a">Berglund, Ammie</subfield>
<subfield code="e">Verfasser</subfield>
<subfield code="4">aut</subfield>
</datafield>
<datafield ind1="2" ind2=" " tag="710">
<subfield code="8">5\p</subfield>
<subfield code="a">SpringerLink (Online service)</subfield>
<subfield code="e">Sonstige</subfield>
<subfield code="4">oth</subfield>
</datafield>
<datafield ind1="1" ind2="8" tag="773">
<subfield code="7">|||s</subfield>
<subfield code="g">volume:18</subfield>
<subfield code="g">number:1</subfield>
<subfield code="g">day:18</subfield>
<subfield code="g">month:8</subfield>
<subfield code="g">year:2025</subfield>
<subfield code="g">pages:1-16</subfield>
<subfield code="g">date:12.2025</subfield>
</datafield>
<datafield ind1="0" ind2="8" tag="773">
<subfield code="i">Enthalten in</subfield>
<subfield code="t">Evolution</subfield>
<subfield code="d">[London] : BioMed Central, 2008-</subfield>
<subfield code="h">Online-Ressource</subfield>
<subfield code="g">18, Heft 1 (18.8.2025), 1-16, 12.2025</subfield>
<subfield code="w">(DE-600)2424077-1</subfield>
<subfield code="w">(DE-101)988495856</subfield>
<subfield code="x">1936-6434</subfield>
</datafield>
<datafield ind1=" " ind2=" " tag="850">
<subfield code="a">DE-101a</subfield>
</datafield>
<datafield ind1="4" ind2="0" tag="856">
<subfield code="u">https://doi.org/10.1186/s12052-025-00223-6</subfield>
<subfield code="x">Resolving-System</subfield>
</datafield>
<datafield ind1="4" ind2="0" tag="856">
<subfield code="u">https://nbn-resolving.org/urn:nbn:de:101:1-2510201005321.504497100376</subfield>
<subfield code="x">Resolving-System</subfield>
</datafield>
<datafield ind1=" " ind2="0" tag="856">
<subfield code="u">https://d-nb.info/137934431X/34</subfield>
<subfield code="x">Langzeitarchivierung Nationalbibliothek</subfield>
</datafield>
<datafield ind1="4" ind2=" " tag="856">
<subfield code="u">https://doi.org/10.1186/s12052-025-00223-6</subfield>
</datafield>
<datafield ind1="1" ind2=" " tag="883">
<subfield code="8">1\p</subfield>
<subfield code="a">npi</subfield>
<subfield code="d">20251020</subfield>
<subfield code="q">DE-101</subfield>
<subfield code="u">https://d-nb.info/provenance/plan#npi</subfield>
</datafield>
<datafield ind1="1" ind2=" " tag="883">
<subfield code="8">2\p</subfield>
<subfield code="a">npi</subfield>
<subfield code="d">20251020</subfield>
<subfield code="q">DE-101</subfield>
<subfield code="u">https://d-nb.info/provenance/plan#npi</subfield>
</datafield>
<datafield ind1="1" ind2=" " tag="883">
<subfield code="8">3\p</subfield>
<subfield code="a">npi</subfield>
<subfield code="d">20251020</subfield>
<subfield code="q">DE-101</subfield>
<subfield code="u">https://d-nb.info/provenance/plan#npi</subfield>
</datafield>
<datafield ind1="1" ind2=" " tag="883">
<subfield code="8">4\p</subfield>
<subfield code="a">npi</subfield>
<subfield code="d">20251020</subfield>
<subfield code="q">DE-101</subfield>
<subfield code="u">https://d-nb.info/provenance/plan#npi</subfield>
</datafield>
<datafield ind1="1" ind2=" " tag="883">
<subfield code="8">5\p</subfield>
<subfield code="a">npi</subfield>
<subfield code="d">20251020</subfield>
<subfield code="q">DE-101</subfield>
<subfield code="u">https://d-nb.info/provenance/plan#npi</subfield>
</datafield>
<datafield ind1="0" ind2=" " tag="883">
<subfield code="8">6\p</subfield>
<subfield code="a">emasg</subfield>
<subfield code="c">0,39259</subfield>
<subfield code="d">20251021</subfield>
<subfield code="q">DE-101</subfield>
<subfield code="u">https://d-nb.info/provenance/plan#emasg</subfield>
</datafield>
<datafield ind1=" " ind2=" " tag="927">
<subfield code="a">75497475</subfield>
</datafield>
</record></recordData></record></records><echoedSearchRetrieveRequest><version>1.1</version>
                <xQuery xmlns:xsi="http://www.w3.org/2001/XMLSchema-instance" xsi:nil="true"/>
                <recordSchema>MARC21-xml</recordSchema></echoedSearchRetrieveRequest>
                </searchRetrieveResponse>